3330 5214
785 394 996 458 ..34-

243 574 290 636 ἐπὶ
312 572 370 636 τῶν
395 571 546 652 Περσικῶν
568 571 612 634 ad
630 569 730 634 alium
748 566 865 631 aetatis
882 566 1020 647 gradum
1036 568 1185 645 spectare
1201 565 1300 644 atque
1316 563 1418 627 verba
1434 563 1539 644 γέγονε

243 676 317 738 κατὰ
338 677 390 758 τὴν
414 677 462 758 οη’
486 671 662 754 ὀλυμπιάδα.

328 776 381 838 Ad
404 795 486 856 quos
508 779 620 842 autem
643 774 760 839 aetatis
780 772 900 855 gradus
922 773 1094 853 spectant?
1128 769 1291 834 ESuidae
1311 768 1443 851 quidem
1465 787 1540 842 usu,

244 880 300 962 qui
323 879 363 944 de
385 879 493 943 verbis
516 881 619 962 γέγονε
642 881 675 942 et
697 873 731 961 ἦν
755 881 814 953 est,
844 874 924 939 nihil
947 873 1026 938 certi
1048 876 1158 954 potest
1180 873 1294 954 colligi.
1338 872 1429 935 Haec
1452 870 1541 935 enirn

244 984 346 1047 verba
367 1002 428 1063 per
449 1003 484 1046 se
506 982 588 1046 nihil
609 981 748 1062 amplius
771 979 813 1043 de
839 981 949 1043 aetate
971 976 1154 1057 significant
1175 975 1237 1040 nisi
1258 975 1375 1040 haberi
1396 974 1541 1055 aliquem

244 1089 394 1166 tempore
406 1085 550 1166 quodam
562 1084 611 1148 vel
624 1087 739 1147 natum
750 1081 802 1146 vel
818 1084 927 1146 aetate
943 1080 1116 1144 florentem
1135 1079 1187 1144 vel
1205 1078 1339 1142 omnino
1356 1076 1540 1158 aequalem.

245 1187 470 1266 Quamobrem
492 1207 566 1251 cum
589 1207 629 1250 ex
650 1186 701 1250 his
723 1184 832 1249 verbis
854 1183 934 1265 ipsis
957 1183 1000 1246 ad
1023 1203 1122 1264 quem
1144 1182 1262 1246 aetatis
1288 1181 1427 1262 gradum
1453 1179 1541 1243 reie-

244 1289 347 1354 renda
377 1289 443 1352 sint
473 1290 605 1354 omnino
635 1309 703 1353 non
730 1291 899 1370 appareat,
927 1287 1017 1350 locus
1043 1286 1077 1349 in
1100 1285 1200 1348 dubio
1223 1283 1456 1365 relinquendus
1479 1286 1541 1358 est,

245 1392 307 1456 uisi
329 1392 393 1456 alia
415 1392 603 1456 testimonia
625 1393 753 1469 docent,
777 1392 820 1455 ad
843 1410 941 1472 quem
963 1389 1081 1454 aetatis
1103 1388 1242 1470 gradum
1264 1407 1304 1452 ea
1325 1388 1427 1452 verba
1445 1405 1542 1467 spec-

245 1497 326 1572 tent,
339 1514 423 1575 quae
439 1495 547 1559 verbis
563 1496 666 1578 γέγονε
682 1495 734 1559 vel
749 1491 784 1579 ἦν
803 1493 916 1558 addita
933 1497 1064 1574 ternpus
1083 1490 1275 1572 significant.
1306 1479 1543 1569 Quaerendum

246 1602 297 1662 est
312 1598 417 1679 igitur,
437 1618 535 1679 quem
558 1599 677 1663 aetatis
699 1597 837 1679 gradum
854 1596 1022 1678 postulent
1039 1615 1107 1660 non
1119 1596 1222 1658 verba
1236 1594 1340 1676 γέγονε
1363 1597 1396 1659 et
1413 1589 1458 1677 ἦν,
1481 1592 1543 1656 sed
1651 1583 1652 1590 '

246 1705 398 1782 tempora
419 1700 452 1763 in
475 1701 593 1782 quibus
615 1699 788 1781 Panyassis
811 1699 968 1764 hocloco
990 1699 1117 1780 positus
1140 1698 1266 1762 dicitur.

331 1803 403 1867 Hoc
434 1808 545 1868 autem
572 1804 676 1869 exiis
704 1804 912 1885 perspicuum
940 1806 999 1880 est,
1026 1822 1111 1884 quae
1139 1801 1179 1866 de
1201 1799 1409 1882 Panyassidis
1432 1802 1544 1864 aetate
1652 1865 1653 1888 ¹

246 1907 312 1971 iarn
339 1925 439 1987 supra
461 1907 766 1972 demonstravimus,
810 1906 906 1970 Hunc
928 1906 1015 1970 enim
1036 1903 1224 1968 Antimachi
1247 1903 1418 1986 aequalem
1440 1902 1544 1966 fuisse

246 2013 327 2074 natu
349 2009 509 2074 maiorem
531 2010 625 2074 alteri
648 2011 808 2087 dixerunt,
831 2009 924 2074 alteri
946 2029 966 2072 a
985 2007 1182 2090 Lygdamide
1204 2010 1356 2072 necatum
1378 2024 1460 2081 esse,
1486 2005 1545 2086 qui

247 2117 323 2178 ante
346 2113 387 2177 ol.
407 2114 459 2177 81.
483 2114 502 2177 3
527 2113 679 2195 expulsus
702 2113 806 2176 multo
829 2116 906 2176 ante
929 2112 992 2175 hoc
1007 2115 1137 2192 tempus
1155 2111 1361 2175 dominatum
1377 2108 1545 2189 accepisse

246 2235 314 2280 non
335 2218 454 2296 potest.
499 2215 589 2279 Idem
611 2219 647 2280 ut
669 2216 777 2280 verbis
800 2215 934 2279 mutatis
957 2214 1144 2291 reddamus
1167 2213 1347 2295 Panyassin
1368 2213 1542 2275 florentem

248 2318 340 2382 alteri
351 2317 442 2381 initio
454 2319 672 2382 attribuerunt
683 2318 759 2382 belli
767 2317 1044 2398 Peloponnesiaci,
1054 2317 1146 2382 alteri
1157 2317 1191 2381 in
1202 2321 1351 2398 tempore
1361 2320 1546 2397 posuerunt

248 2420 459 2485 belliPersici.
483 2421 576 2499 Quae
586 2421 755 2501 opiniones
767 2420 794 2484 si
804 2419 1026 2501 olympiadum
1037 2420 1182 2484 numeris
1192 2419 1346 2484 adhibitis
1355 2419 1547 2485 reddendae

248 2522 343 2587 nobis
365 2527 440 2587 sunt
461 2523 541 2586 nihil
565 2523 704 2605 amphus
727 2522 768 2586 de
789 2521 997 2604 Panyassidis
1020 2527 1129 2588 aetate
1155 2523 1312 2588 traditum
1334 2523 1546 2601 habentibus
1654 2515 1655 2524 ’

249 2627 421 2690 florentem
450 2627 537 2690 hunc
570 2625 731 2690 ascribere
765 2624 941 2706 olympiadi
963 2626 1004 2689 87
1039 2630 1138 2708 atque
1172 2627 1312 2691 eundem
1336 2627 1377 2690 ol.
1402 2626 1442 2691 75
1475 2645 1547 2690 non

249 2729 480 2793 dubitabimus.
524 2729 561 2792 ln
590 2729 675 2792 hanc
706 2727 791 2792 enim
820 2728 943 2792 bellum
964 2729 1140 2807 Persicum,
1171 2730 1204 2793 in
1233 2730 1323 2794 illam
1348 2730 1425 2794 belli
1446 2730 1547 2794 Pelo-

249 2831 437 2912 ponnesiaci
468 2830 596 2895 initium
625 2829 748 2895 cecidit.
800 2830 867 2895 Sed
898 2833 1054 2913 quoniam
1075 2834 1307 2898 Antimachum
1337 2838 1413 2897 ante
1436 2833 1477 2896 ol.
1501 2835 1547 2898 88

234 2935 455 3016 'Panyassidis
474 2935 657 2998 auditorem
679 2953 751 2997 esse
773 2953 840 2998 non
862 2935 1009 3015 potuisse
1027 2936 1177 3013 vidimus,
1201 2935 1394 3018 olympiadis
1413 2936 1454 3000 87
1470 2935 1548 3001 loco

250 3039 292 3101 88
313 3057 435 3118 ponere
457 3037 628 3101 malumus,
669 3029 783 3117 Neque
807 3038 893 3100 enim
912 3038 975 3102 hoc
997 3037 1175 3103 violentum
1194 3045 1254 3117 est,
1277 3059 1351 3104 cum
1365 3038 1550 3120 Panyassin

250 3140 283 3203 in
299 3140 376 3203 belli
390 3140 659 3221 Peloponnesiaci
675 3139 764 3202 initio
784 3140 827 3203 ob
846 3140 879 3204 id
896 3141 1003 3222 ipsunt
1023 3142 1203 3222 posuimus
1227 3143 1315 3223 quod
1331 3142 1550 3206 Antimachus

251 3242 319 3307 eius
342 3243 470 3307 auditor
496 3243 596 3306 fuisse
619 3242 743 3306 dicitur.
787 3242 900 3324 Itaque
923 3244 950 3307 si
973 3264 1012 3307 ex
1035 3244 1096 3307 illis
1118 3246 1261 3310 numeris
1283 3249 1413 3326 tempus
1435 3244 1551 3309 natale

250 3347 458 3437 Panyassidis
481 3345 723 3426 computatione
748 3345 928 3426 colligimus
955 3348 1072 3412 aetatis
1098 3349 1212 3412 florem
1235 3348 1427 3429 Apollodori
1454 3366 1551 3412 more

251 3451 285 3513 in
314 3449 562 3531 quadragesimo
592 3447 678 3513 vitae
708 3469 794 3513 anno
817 3453 988 3532 ponentes,
1018 3450 1198 3533 Panyassin
1218 3455 1333 3516 natum
1356 3471 1427 3515 esse
1448 3453 1551 3531 puta-

250 3557 365 3616 verunt
388 3552 481 3616 alteri
503 3552 544 3615 ol.
570 3553 621 3630 78,
645 3553 739 3617 alteri
761 3553 803 3616 ol.
827 3553 879 3616 65.

339 3655 425 3733 Quid
442 3655 503 3718 sibi
517 3655 617 3719 velint
633 3659 791 3738 tempora,
809 3656 927 3738 quibus
938 3655 1113 3738 Panyassis
1130 3657 1218 3738 apud
1234 3657 1370 3721 Suidam
1386 3655 1553 3737 ascriptus

253 3757 377 3834 dicitur,
407 3777 494 3822 nunc
521 3758 656 3822 dubium
678 3779 745 3823 non
768 3763 825 3822 est.
871 3759 923 3822 Ad
947 3759 1093 3822 diversos
1116 3760 1203 3823 enim
1226 3759 1342 3824 aetatis
1366 3760 1485 3841 gradus
1509 3780 1554 3824 ea

251 3860 422 3924 referenda
445 3879 516 3924 esse
539 3861 604 3924 iam
626 3862 775 3925 vidimus,
820 3862 930 3942 Atque
954 3861 1175 3943 olympiadum
1197 3863 1242 3926 illi
1263 3864 1400 3940 numeri,
1423 3882 1507 3944 quos
1533 3885 1572 3928 es.

252 3962 445 4026 testimoniis
479 3963 568 4028 haud
597 3963 756 4045 ambiguis
788 3964 939 4028 collectos
975 3965 1161 4043 statuimuS‚
1201 3985 1269 4031 non
1302 3966 1408 4030 solum
1440 3967 1553 4030 verbis

252 4068 356 4152 πολλῷ
371 4067 568 4154 πρεσβύτερος
587 4067 795 4148 respondent,
814 4067 988 4132 sedetiam
1006 4069 1218 4148 temporibus
1239 4088 1322 4150 quae
1339 4068 1459 4133 Suidae
1476 4068 1553 4135 loco

254 4173 558 4233 commemorantur.
602 4169 697 4232 Unde
720 4188 792 4233 oum
816 4174 986 4251 appareat
1000 4172 1101 4235 verba
1122 4159 1158 4255 ἦν
1182 4173 1308 4237 ἐπὶτῶν
1331 4173 1483 4256 Περσικῶν
1508 4174 1554 4237 ad

254 4272 370 4336 aetatis
392 4273 517 4349 florem,
540 4272 641 4335 verba
663 4273 765 4354 γέγονε
788 4277 865 4338 κατὰ
887 4277 939 4358 τὴν
963 4280 1010 4359 oq
1034 4276 1202 4357 ὀλυμπιάδα
1225 4275 1267 4338 ad
1289 4279 1417 4356 tempus
1440 4276 1554 4340 natale

255 4377 411 4455 spectare,
442 4374 487 4438 ita
515 4374 623 4438 locum
659 4373 844 4456 intellegere
879 4376 1050 4440 debemus:
1089 4375 1193 4440 Natus
1224 4381 1273 4441 est
1303 4377 1344 4442 ol.
1376 4379 1427 4442 78.
1484 4378 1555 4444 Sed

254 4477 384 4541 fuerunt
415 4478 470 4559 qui
505 4496 579 4540 eum
611 4476 714 4541 multo
749 4480 951 4560 superiorein
986 4480 1138 4543 dicerent.
1194 4479 1278 4543 Nam
1306 4484 1415 4544 aetate
1441 4481 1556 4547 floruit

257 4579 298 4643 ol.
331 4580 381 4642 75.
