3330 5214
785 396 998 458 ,10-

247 571 302 656 (=
323 569 488 652 'Ofaoodct
515 567 647 632 nomine
673 567 814 631 habetur
836 586 896 631 nec
909 567 1083 630 diversum
1104 565 1231 630 videtur
1239 565 1264 649 ¹)
1287 567 1330 630 ab
1353 566 1442 630 urbis
1458 565 1546 631 Gre-

245 674 347 739 tensis
360 663 504 755 Ὄαξοςῖ)
522 670 664 747 nomine,
689 670 778 751 quod
795 670 873 752 quin
890 669 1040 735 Caricam
1054 671 1195 749 putetur,
1222 668 1304 732 nihil
1319 668 1438 745 obstet,
1461 668 1546 748 quia

213 819 215 822 -
246 777 279 840 in
296 777 393 841 Creta
415 773 580 858 quondam
599 773 697 837 Cares
720 773 958 838 habitaverunt.
992 770 1031 835 cf.
1049 771 1126 835 Her.
1142 771 1165 835 1.
1185 772 1256 836 171.
1280 809 1321 818 -
1343 771 1381 835 In
1400 768 1546 842 Οὐασσός

246 882 357 944 autem
380 878 532 960 (Ὕασσός,
562 867 794 949 01.”Υσσωλλος
817 879 849 940 et
872 867 1064 953 Οὔσσωλλος)
1087 893 1146 955 pro
1177 901 1212 939 σθ
1238 873 1338 938 literis
1367 901 1384 939 θ
1410 874 1545 938 literam

247 981 425 1063 simplicem
448 982 544 1045 scribi
564 982 710 1063 potuisse
732 999 854 1045 nomen
877 977 1093 1060 compositum
1110 973 1363 1061 Ὠνζωοσυασός3)
1391 978 1488 1041 docet
1506 976 1545 1040 in

250 1085 367 1149 eodem
396 1084 491 1149 t'tulo
521 1105 586 1168 quo
617 1085 695 1148 illud
722 1083 887 1148 traditum.
936 1080 1026 1165 (Ditt.
1054 1080 1087 1145 S.
1115 1079 1161 1162 6.)
1205 1079 1368 1158 Quoniam
1389 1079 1485 1161 igitur
1500 1078 1545 1142 ,Ψ

245 1186 340 1251 litera
369 1186 403 1250 in
432 1186 547 1250 iisdem
576 1186 763 1252 nominibus
793 1183 970 1249 scribendis
998 1185 1030 1248 et
1061 1187 1129 1255 tet
1158 1209 1195 1248 00
1221 1186 1253 1246 et
1275 1211 1293 1248 o
1319 1183 1419 1247 literis
1446 1182 1545 1247 reddi

246 1292 385 1371 poterat,
407 1289 706 1370 probabilissimum
729 1289 861 1370 quidem
884 1291 933 1351 est
954 1285 1038 1350 illius
1059 1285 1172 1350 literae
1191 1285 1445 1366 appellationem
1465 1305 1544 1350 eam

246 1392 346 1456 fuisse
368 1395 404 1455 ut
426 1392 459 1455 id
485 1392 593 1473 ipsum
615 1393 812 1458 elementum
835 1391 1010 1468 diceretur,
1041 1390 1130 1471 quod
1152 1390 1185 1453 in
1207 1414 1307 1460 υασθις
1330 1389 1418 1452 exitu
1438 1386 1543 1452 literis

248 1493 377 1558 Graecis
400 1498 548 1559 accurate
570 1496 663 1560 reddi
684 1514 751 1560 non
771 1493 918 1576 potuisse
940 1493 1089 1558 vidimus.
1128 1494 1214 1558 Nam
1237 1492 1354 1574 quibus
1376 1491 1409 1555 in
1431 1490 1542 1555 nomi-

247 1596 342 1660 nibus
369 1597 489 1677 scripta
515 1597 686 1674 invenitur,
714 1617 753 1662 ea
776 1596 886 1661 omnia
907 1596 991 1660 inter
1013 1595 1288 1677 semibarbaros‘l)
1311 1595 1431 1677 scripta
1453 1598 1542 1671 sunt,

248 1717 388 1780 quorum
414 1699 493 1763 illud
529 1700 725 1764 elementum
750 1699 919 1781 proprium
948 1699 1047 1763 fuisse
1075 1699 1284 1763 iudicandum
1312 1703 1371 1764 est.
1425 1698 1542 1778 Neque

248 1801 345 1882 igitur
376 1801 494 1866 mirum
524 1805 588 1880 est,
621 1804 710 1884 quod
742 1802 854 1866 literae
888 1801 1046 1878 Graecae,
1080 1801 1198 1882 quibus
1231 1802 1264 1865 id
1298 1801 1541 1882 significaretur,

248 1904 430 1986 complures
461 1924 583 1986 eaeque
613 1923 679 1970 uno
708 1909 856 1986 tempore
885 1904 919 1967 in
940 1924 1002 1969 usu
1023 1904 1167 1982 fuerunt,
1197 1908 1234 1969 ut
1264 1905 1378 1986 quinto
1408 1903 1543 1987 quidem

248 2006 378 2071 saeculo
400 2006 433 2069 ‘l'
450 2007 578 2072 literam
594 2008 690 2072 simul
711 1991 784 2072 cum
802 2011 814 2080 Ε
831 2012 864 2072 et
879 2034 897 2073 o
920 2012 952 2072 et
969 2034 1004 2073 σο
1020 2008 1120 2072 literis
1138 2012 1330 2089 usurpatam
1348 2007 1541 2072 invenimus

247 2109 379 2191 Epyaxa
402 2109 488 2174 enim
510 2111 621 2192 regina
644 2111 787 2189 Cilicum,
816 2131 900 2193 quae
923 2111 1041 2193 Cyrum
1063 2111 1224 2175 minorem
1246 2110 1414 2188 adiuverit,
1438 2109 1542 2191 quinti

249 2211 369 2276 saeculi
381 2214 440 2276 est.
474 2213 583 2295 Atque
600 2215 633 2278 in
649 2214 743 2279 titulo
758 2213 1018 2290 Halicamasseo,
1029 2214 1087 2296 qui
1100 2214 1134 2278 in
1145 2214 1289 2278 medium
1300 2213 1365 2277 hoc
1375 2211 1542 2278 saeculum

250 2315 346 2391 cadit,
358 2315 511 2401 ,Ἀφύασις
527 2320 560 2380 et
577 2311 813 2403 Ἃλικαρνηοσός
836 2316 961 2381 formae
985 2317 1157 2380 traduntur
1178 2335 1245 2380 una
1263 2335 1337 2379 curn
1355 2315 1541 2379 nominibus

243 2413 507 2502 ζΑλικθερνοῑσσεύς,
528 2420 704 2496 Πανύασσις,
724 2416 899 2491 Ὀἁσσασσις
921 2419 953 2482 'l'
975 2419 1104 2484 literam
1126 2419 1280 2501 scriptam
1297 2418 1539 2500 praebentibus

334 2518 448 2603 Itaque
470 2523 624 2602 quoniam
646 2521 678 2584 'l'
698 2522 826 2588 literam
850 2525 877 2605 ξ,
908 2549 942 2601 ο,
965 2548 1001 2587 oa
1022 2521 1123 2586 literis
1144 2522 1237 2586 reddi
1258 2522 1404 2603 potuisse
1425 2521 1541 2585 iterum

249 2641 288 2687 ac
310 2623 440 2704 saepius
461 2624 611 2702 vidimus
634 2625 729 2689 nobis
751 2644 882 2706 quoque
902 2624 1109 2707 Panyassidis
1131 2628 1250 2706 poetae
1268 2623 1401 2706 quidem
1419 2641 1541 2687 nomen

198 2811 199 2816 ἵ
249 2725 463 2792 scribentibus
486 2728 611 2792 formae
634 2727 817 2808 complures
840 2727 933 2808 quasi
955 2728 998 2791 ad
1018 2728 1225 2810 deligendum
1245 2727 1341 2791 nobis
1363 2725 1540 2808 permissae

249 2833 333 2892 sunt.
380 2831 487 2908 Quam
510 2832 596 2896 enim
622 2831 763 2894 nominis
789 2830 961 2895 lectionem
985 2831 1077 2912 sequi
1099 2831 1288 2907 debeamus
1316 2828 1453 2892 dubium
1474 2846 1540 2892 non

248 2933 310 3008 est,
332 2951 405 2996 cum
427 2933 461 2997 in
481 2934 576 2998 titulo
593 2934 842 2998 Halicamasseo
860 2937 916 2998 aut
933 2934 1033 3015 ipsius
1052 2933 1260 3017 Panyassidis
1276 2935 1396 3014 poetae
1412 2935 1539 3012 tempo·

338 3068 357 3136 Ι)
374 3069 429 3123 Res
446 3087 495 3138 per
507 3087 535 3125 se
548 3070 698 3124 verisimilis
717 3086 749 3124 eo
768 3071 854 3139 magis
872 3072 1073 3139 comprobatur,
1092 3071 1173 3138 quod,
1194 3069 1431 3138 quemadmodum,
1445 3063 1540 3129 Ὀαξος

248 3158 275 3207 et
294 3150 367 3214 Ἀξός
391 3156 503 3210 nomina
522 3157 624 3212 Cretica
646 3157 716 3211 inter
737 3173 766 3210 se
783 3157 959 3224 respondent,
984 3157 1023 3210 ita
1047 3154 1162 3214 Οὐασσός
1187 3154 1280 3209 Carice
1297 3151 1391 3213 Ἀσσὸς
1410 3153 1538 3218 Caricam,

248 3241 322 3308 quod
341 3257 355 3294 e
372 3241 483 3296 nomine
501 3239 641 3314 Ἀσσησσός
660 3241 704 3310 (cf.
718 3238 920 3315 Ἃλικαρνησσὸς
938 3239 1133 3314 θ1“Αλ1σαρνα)
1150 3242 1325 3295 statuendum
1343 3246 1391 3295 est.

335 3325 356 3388 ²)
383 3326 423 3380 De
437 3332 550 3382 accentu
565 3328 599 3380 cf.
608 3327 699 3395 Stepb
709 3327 772 3396 Byr.
787 3345 808 3386 s.
818 3344 842 3382 v.
857 3325 950 3394 Ἴασος,
965 3327 1038 3388 πόλις
1051 3323 1165 3400 Καρίας.
1177 3367 1198 3381 ..
1208 3327 1251 3380 καὶ
1266 3325 1393 3388 ὀξυτόνως
1406 3325 1538 3396 λεγομένη.

334 3409 357 3478 3)
385 3412 416 3465 In
439 3413 595 3467 nominibus
613 3411 712 3467 Caricis
731 3431 746 3464 ο
762 3413 867 3467 literam
886 3413 1034 3482 simplicem
1052 3414 1132 3468 scribi
1149 3429 1241 3482 posse,
1265 3413 1420 3481 ubicunque
1444 3411 1540 3480 duplex

248 3496 370 3562 babetur,
390 3497 459 3551 tituli
477 3499 542 3552 salis
558 3499 664 3554 docent.
690 3499 722 3552 In
735 3515 791 3552 uno
805 3498 884 3552 titulo
900 3499 1105 3554 Halicarnasseo
1126 3499 1200 3560 (Ditt.
1210 3499 1237 3552 S.
1247 3497 1274 3568 6)
1292 3493 1539 3567 praeter'dppqcar

248 3573 424 3636 formam'bis
443 3579 569 3656 Ἀρβησις
591 3585 679 3638 sonna
701 3584 804 3652 legitur.
837 3584 967 3653 (Dittenb.
985 3603 1046 3640 eam
1064 3586 1158 3650 semel,
1183 3585 1246 3654 Syll.
1265 3587 1281 3638 6
1298 3601 1315 3638 a
1331 3583 1365 3636 47
1384 3583 1477 3649 tradit,
1499 3582 1539 3636 bis

248 3667 446 3738 Haussoullier,
465 3669 534 3724 Bull.
553 3671 585 3724 de
604 3687 672 3723 corr.
690 3669 756 3724 Hell.
772 3671 815 3724 IV.
834 3687 860 3739 p.
878 3671 930 3724 798
948 3671 981 3724 al.
999 3672 1041 3724 46.
1068 3687 1095 3738 p.
1115 3671 1167 3723 am
1185 3671 1218 3724 al.
1239 3671 1279 3735 m,
1298 3670 1344 3738 qui
1362 3670 1539 3738 fragmentum

249 3754 301 3818 det,
320 3753 394 3822 quod
409 3756 481 3822 apud
494 3756 613 3810 Dittenb.
632 3756 726 3824 deest.)
751 3757 820 3810 Item
839 3776 853 3807 σ
869 3756 947 3810 litera
964 3757 1063 3824 duplex
1081 3755 1194 3824 simplici
1211 3755 1316 3810 reddita
1334 3755 1441 3823 saepius
1455 3758 1539 3809 exstat

247 3839 276 3892 in
293 3831 456 3905 nominibus,
475 3843 548 3910 quod
567 3842 596 3895 in
615 3842 713 3901 σσωλος
730 3841 831 3896 exitum
848 3842 976 3900 babeant.
1000 3842 1103 3896 alitera
1117 3841 1216 3909 duplici
1233 3841 1333 3910 scripte
1350 3846 1414 3894 sunt
1430 3841 1540 3893 nomina

248 3921 403 3982 Οὕσσωλλος
420 3926 451 3979 D.
462 3927 488 3980 S.
499 3929 539 3980 76.
553 3925 755 3995 4;·’Υσσωλλος,
772 3924 958 3996 Μαὺσσωλλος,
976 3925 1190 3996 Παραὺασωλλθς,
1210 3925 1429 3990 'extamella
1448 3922 1539 3979 floriu-

249 4009 355 4069 celdoc.
382 4011 445 4066 Ditt.
462 4013 525 4066 Sd.
552 4014 643 4082 Atque
658 4013 730 4067 baec
742 4013 831 4066 forma
844 4013 968 4068 usitatior
981 4018 1029 4068 est.
1048 4014 1158 4070 clitera.
1177 4013 1291 4082 simplici
1306 4012 1406 4080 scripta
1418 4012 1540 4080 leguntur

247 4096 361 4150 nomina
373 4093 536 4158 blodemite:
554 4100 586 4153 D.
602 4100 628 4153 S.
643 4101 684 4153 77.
699 4100 716 4152 3
732 4104 760 4152 et
774 4096 944 4166 Σαρόσωλλος
962 4100 993 4153 D.
1007 4101 1034 4154 S.
1047 4101 1091 4153 ba
1107 4099 1150 4163 46,
1168 4099 1209 4152 60
1226 4098 1268 4163 43,
1288 4099 1339 4151 tid.
1352 4097 1395 4150 33.
1421 4097 1539 4164 Denique

248 4198 305 4236 non
322 4184 518 4253 neglegendum
536 4190 583 4251 est,
602 4185 677 4254 quod
691 4181 838 4256 Ἰμβρασσις
855 4185 884 4238 in
897 4181 1029 4254 Ἰμβαρσις
1044 4185 1158 4238 transire
1172 4188 1270 4253 potest,
1289 4183 1331 4250 (b.
1345 4183 1371 4236 S.
1388 4181 1478 4236 6a57.
1488 4182 1538 4247 58),

248 4264 377 4336 Σαρανσός
395 4270 484 4325 forma
500 4271 600 4325 tradite
618 4269 792 4339 (ibidum)
810 4267 957 4340 baptimi:
975 4269 1079 4322 formae
1094 4270 1254 4324 statuendae
1267 4268 1420 4336 respondet.
1446 4267 1538 4321 Errore

247 4340 328 4422 igitur
341 4359 372 4407 ut
385 4354 489 4409 formae
503 4353 703 4428 Ἀλικαρνάσιοι,
719 4352 937 4424 Ἅλικαρνασέων,
948 4351 1139 4419 Ωνῑωσσυασός,
1150 4352 1281 4423 'Aptucca
1293 4353 1422 4423 Ἀρτύαπις
1438 4372 1452 4406 u
1465 4353 1539 4406 litera

248 4438 363 4507 simplici
380 4440 495 4508 scriptae
513 4444 663 4507 tradantur,
681 4441 784 4496 factum
799 4455 860 4494 esse
877 4457 934 4494 non
952 4444 1050 4508 potest.

333 4525 356 4593 ⁴)
383 4525 510 4582 Traditur
531 4529 556 4579 Ῥ
582 4528 659 4582 litera
685 4532 782 4596 quater
807 4525 836 4579 in
861 4525 939 4579 titulo
967 4525 1182 4586 Halicarnasseo‚
1209 4525 1292 4578 semel
1319 4526 1348 4579 in
1365 4525 1444 4580 titulo
1468 4525 1538 4592 Teio,

247 4605 445 4700 saepissimam
451 4608 572 4702 :rppraetis
582 4607 657 4686 iubis
666 4611 851 4680 Mesambriae,
863 4611 973 4680 quaein
981 4610 1098 4664 'lbracia
1109 4614 1173 4664 erat.
1193 4609 1226 4663 cf.
1237 4609 1382 4676 Kircbhotf,
1397 4612 1414 4665 l.
1426 4627 1447 4664 c.
1460 4628 1486 4679 p.
1502 4610 1537 4665 17.
