3330 5214
633 421 841 485 ,73-

609 641 673 722 llll.
706 639 860 722 Summa.

178 801 354 882 Reliquum
366 802 471 876 estut,
490 817 575 880 quae
592 797 655 862 hac
671 795 861 878 quaestione
877 797 973 861 nohis
988 797 1140 861 videntur
1158 797 1384 861 demonstrata

91 926 175 982 esse,
197 904 309 986 paucis
331 903 438 967 verbis
461 899 697 981 comprehensa
719 919 955 967 enumeremus.

178 1007 306 1071 Nomen
335 1004 557 1087 Panyassidis,
588 1003 677 1084 quod
705 1001 925 1067 Halicarnassi
952 1001 1151 1084 frequentius
1180 1005 1270 1066 extra
1300 1002 1385 1066 hanc

92 1113 208 1176 urbem
235 1109 357 1173 nemini
385 1108 459 1186 fuit,
493 1124 591 1188 quem
619 1105 783 1186 cognitum
811 1105 1007 1184 habeamus,
1040 1124 1100 1186 pro
1127 1103 1241 1168 Carice
1270 1103 1385 1168 haberi

91 1215 202 1279 debet.
256 1212 495 1276 Documentum
527 1208 753 1291 gravissimum
784 1212 834 1272 est
863 1233 962 1280 υασσις
996 1208 1099 1273 exitus
1133 1206 1167 1269 in
1196 1205 1384 1270 nominibus

93 1316 214 1382 Caricis
243 1315 353 1380 multis
383 1313 509 1390 obvius,
538 1332 623 1393 quae
650 1310 791 1375 nominis
812 1331 889 1394 pars
916 1314 949 1375 et
977 1311 1049 1393 ipsa
1070 1328 1191 1375 nornen
1212 1306 1385 1390 personale

92 1420 154 1484 luit
187 1418 310 1483 nomini
341 1416 436 1480 locali
469 1414 605 1486 Οὐαααός
626 1414 840 1500 respondens.
889 1415 1109 1491 Elementum,
1142 1411 1231 1494 quod
1258 1414 1335 1476 ante
1362 1436 1385 1483 ις

92 1522 269 1586 terminum
297 1524 356 1598 est,
385 1539 459 1583 cum
481 1538 537 1583 ore
560 1517 685 1583 Graeco
706 1521 793 1583 recte
816 1516 942 1598 concipi
962 1536 1030 1581 non
1056 1518 1184 1598 posset,
1212 1513 1312 1578 literis
1336 1513 1385 1578 di-

92 1624 195 1689 versis
218 1623 468 1706 significabatur.
503 1620 535 1682 ‘l'
553 1620 647 1685 litera
668 1639 831 1702 nusquam
850 1619 1014 1684 nisiinter
1032 1618 1273 1682 semibarbaros
1296 1636 1386 1682 usur·

92 1731 184 1810 pata,
208 1726 296 1792 ciuus
325 1725 398 1788 loco
420 1742 496 1788 non.
516 1724 616 1788 modo
638 1749 691 1801 oc,
723 1724 782 1788 sed
805 1723 904 1787 etiam
925 1722 1014 1786 haud
1041 1739 1116 1786 raro
1145 1747 1162 1786 0
1185 1723 1217 1784 et
1239 1723 1252 1794 ξ
1274 1719 1387 1784 literae

95 1830 234 1911 scriptae
250 1829 408 1910 leguntur,
424 1826 657 1908 significatione
674 1829 772 1909 atque
789 1846 850 1890 usu
868 1825 937 1889 sola
952 1825 1080 1889 videtur
1097 1824 1127 1888 ei
1141 1825 1239 1906 plane
1254 1842 1386 1904 respon·

94 1934 191 1998 disse.
226 1932 308 1996 Cum
330 1930 491 2002 ΠανύαΨις
513 1929 620 1993 forma
641 1929 674 1992 in
696 1928 789 1993 titulo
811 1927 1057 1992 Halicarnasseo
1078 1927 1200 1991 tradita
1221 1925 1387 2007 ipsiusque

93 2035 302 2118 Panyassidis
330 2038 449 2115 poetae
471 2036 580 2098 aetate
603 2030 699 2096 obvia
721 2031 835 2095 ceteris
858 2031 1008 2095 omnibus
1035 2030 1198 2112 antiquior
1220 2048 1259 2092 ac
1280 2028 1388 2110 potior

94 2140 147 2216 sit,
170 2138 213 2203 ad
235 2138 321 2202 hanc
340 2157 464 2202 nornen
486 2135 664 2200 scribentes
685 2153 747 2198 nos
769 2133 932 2215 applicare
955 2133 1123 2198 debemus.
1156 2133 1270 2215 Neque
1292 2132 1388 2212 igilur

93 2242 239 2319 interest,
255 2244 365 2304 utrum
375 2241 542 2311 Πανύασσις
559 2257 602 2302 an
614 2238 762 2309 Πανύασις
773 2257 816 2302 an
827 2238 971 2307 Πανύαξις
984 2255 1106 2301 nomen
1123 2237 1313 2312 scribamus,
1328 2234 1388 2298 etsi

94 2345 202 2425 prima
216 2342 356 2408 nominis
373 2342 479 2406 forma
495 2360 581 2406 nunc
595 2339 727 2421 quidem
741 2341 812 2405 sola
824 2339 910 2404 tituli
925 2340 1117 2405 auctoritate
1137 2335 1388 2414 confirmatur.¹)

181 2447 230 2510 De
240 2447 307 2510 vita
317 2444 525 2528 Panyassidis
538 2443 628 2524 epici,
646 2462 858 2525 quaecunque
870 2448 1016 2509 veterum
1027 2442 1215 2507 testimonia
1226 2439 1389 2504 reicienda

96 2553 182 2629 sunt,
198 2548 333 2635 Durin2)
349 2549 499 2613 videntur
514 2549 681 2612 auctorem
697 2547 829 2624 habere,
847 2547 902 2628 qui
915 2547 1014 2625 illurn,
1033 2565 1130 2626 quern
1141 2547 1221 2608 natu
1230 2542 1389 2607 maiorem

96 2673 171 2717 cum
185 2652 383 2736 Panyasside
399 2651 658 2726 Halicamasseo,
674 2649 794 2714 Dioclis
809 2648 887 2726 filio,
905 2649 1104 2713 somniorum
1123 2647 1290 2728 scriptore,
1309 2648 1390 2709 natu

95 2755 223 2820 minore
253 2754 444 2830 confuderit,
473 2773 541 2817 non
570 2754 676 2818 solum
697 2752 816 2817 Dioclis
844 2753 946 2816 filium
976 2770 1014 2815 ac
1041 2750 1187 2815 Samium
1215 2747 1389 2813 tradidisse

94 2858 289 2924 iudicandus
312 2861 372 2936 est,
395 2857 453 2921 sed
471 2856 569 2920 etiam
587 2857 713 2938 epicum
730 2876 768 2920 ac
784 2855 985 2920 somniorum
1003 2855 1224 2934 interpretem,
1249 2849 1390 2914 Choerili

96 2960 268 3041 aequalem
290 2964 397 3025 aetate
415 2979 539 3041 parem,
562 2959 749 3023 Antimachi
769 2959 968 3040 magistrum.
1002 2957 1088 3020 Nam
1106 2956 1160 3019 illo
1181 2972 1289 3018 errore
1308 2952 1390 3017 haec

96 3063 438 3128 omniacontinentur.
473 3063 509 3126 ln
527 3062 711 3144 olympiade
724 3062 764 3126 78
780 3064 889 3125 utrum
900 3059 1079 3142 Panyassin
1093 3061 1283 3122 nascentem
1293 3055 1389 3118 Duris

95 3165 166 3247 ipse
188 3166 332 3247 posuerit
354 3185 397 3229 an
418 3165 579 3247 posterior
599 3164 724 3246 aliquis
751 3164 909 3228 incertum
925 3163 1144 3244 relinquimus.
1180 3159 1243 3238 Qui
1257 3158 1390 3240 quidem

96 3269 183 3332 hanc
195 3267 413 3350 olympiadem
429 3267 556 3349 delegit,
577 3267 751 3332 obstrictus
770 3268 887 3331 eodem
905 3267 964 3331 fuit
981 3287 1098 3343 errore,
1115 3283 1180 3346 quc
1199 3262 1303 3326 Duris.
1328 3260 1389 3325 Sa-

95 3371 199 3435 mium
218 3370 245 3434 is
260 3370 439 3453 Panyassin
456 3389 564 3434 errore
577 3370 696 3451 duplici
710 3371 900 3447 nominavit,
919 3390 993 3434 cum
1008 3367 1245 3450 Panyassidum
1262 3363 1391 3428 illorum

95 3475 213 3536 neuter
230 3472 359 3537 Samius
380 3473 477 3538 luerit
498 3492 558 3536 nec
582 3463 711 3537 Samius
733 3473 837 3553 magis
860 3476 917 3537 aut
938 3473 1046 3552 aptius
1069 3467 1226 3552 appellari
1249 3465 1391 3548 potuerit

96 3595 197 3656 quam
219 3575 422 3653 HerodotuS,
444 3593 542 3657 quem
564 3576 651 3638 idem
673 3575 768 3639 Duris
791 3574 937 3639 Samium
966 3569 1181 3655 appellavit.³)
1226 3571 1320 3634 Hanc
1347 3569 1390 3631 ob

97 3697 232 3742 causam
248 3679 376 3743 Duridis
393 3677 614 3743 testimonium
630 3678 671 3742 de
690 3678 796 3759 patria
812 3697 878 3741 non
890 3677 1088 3742 audiendum
1105 3694 1176 3740 esse
1192 3677 1319 3737 veteres
1330 3669 1392 3751 ipsi

95 3779 333 3846 intellexerunt.
366 3782 598 3846 Antimachum
619 3779 828 3863 Panyassidis
849 3780 1032 3844 ministrum
1054 3779 1116 3843 ioci
1139 3796 1238 3841 causa
1262 3772 1391 3854 excogi-

96 3883 180 3948 tavit
201 3884 384 3949 fabularum
407 3886 545 3966 scriptor
566 3883 762 3949 Antimacho
785 3881 972 3966 aequalis.⁴)

188 3986 352 4068 Quidquid
380 3993 490 4052 autem
515 3986 774 4052 testimoniorum
804 3985 845 4050 de
867 3983 1072 4067 Panyassidis
1101 3981 1182 4063 epici
1203 3981 1269 4044 vita
1289 3977 1391 4043 tradi·

96 4093 208 4154 torum
217 4090 313 4154 nobis
331 4090 539 4172 probandum
556 4093 615 4166 est,
631 4090 787 4153 traditum
804 4109 842 4153 ac
858 4089 1040 4170 proiectum
1056 4087 1183 4151 videtur
1201 4102 1221 4147 a
1236 4081 1392 4162 scriptore

190 4277 200 4318 ¹
253 4280 270 4333 t.
309 4321 315 4333 .
351 4307 384 4319 -
403 4281 427 4332 A.
1076 4310 1078 4316 .

189 4287 211 4432 ²3
238 4297 307 4431 Aluti)
316 4282 349 4418 in⁷
361 4282 430 4419 liAro
449 4364 528 4418 Duris
541 4365 691 4432 Panyassin
707 4363 869 4428 tractaverit,
887 4364 1019 4418 incertum
1036 4359 1220 4427 relinquimus
1248 4355 1299 4408 Pro
1319 4359 1392 4408 certo

98 4449 211 4518 quidem
237 4451 331 4505 haberi
356 4456 445 4520 polest
471 4451 587 4504 eundem
608 4449 708 4505 librum
730 4450 823 4516 fuisse,
852 4466 906 4518 quo
928 4449 971 4501 ille
994 4445 1201 4508 Antimachum,
1230 4441 1391 4505 Choerilum,

4 4549 5 4560 ¹
97 4536 270 4592 Herodotum
287 4537 419 4592 tractavit.

189 4620 212 4684 3)
239 4638 264 4689 p.
285 4622 325 4676 19.
343 4624 384 4676 61.
403 4653 437 4662 -
454 4622 478 4692 ⁴)
497 4641 523 4692 p.
540 4623 583 4677 55.
601 4623 711 4676 m-cs.
