3330 5214
686 429 898 492 ..17-

139 601 354 682 corriguntur,
378 620 452 664 cum
474 600 538 665 alia
559 600 686 664 videtur
704 619 775 663 esse
792 600 910 680 potior.
950 599 1142 664 Plutarchus
1161 601 1256 682 igitur
1274 601 1438 682 scripserit

138 703 233 768 illum
267 704 387 767 librum
421 723 465 767 an
500 703 596 780 alius,
634 703 667 766 in
695 702 757 766 hac
785 722 820 766 re
848 702 918 766 sine
943 703 1010 766 ullo
1040 702 1249 768 incommodo
1279 704 1438 768 incertum

138 806 342 887 relinquitur.
377 806 509 870 Certum
521 806 654 886 quidem
665 808 893 886 argumentum
908 805 951 869 ad
969 805 1054 869 hanc
1068 806 1293 887 quaestionem
1309 807 1438 887 discep-

138 909 277 974 tandam
301 929 341 974 ex
362 910 410 986 iis,
434 928 518 989 quae
533 908 727 973 Plutarchus
750 909 791 972 de
813 908 973 990 prooemii
989 908 1167 972 Herodotei
1189 909 1327 972 lectione
1349 908 1437 985 dicit,

139 1012 228 1076 sumi
249 1031 318 1076 non
339 1014 458 1093 potest.
1239 1081 1241 1085 ,

231 1114 321 1192 Quos
342 1113 592 1178 Halicarnasseo
620 1133 801 1196 cognomen
823 1114 992 1178 Herodoto
1015 1114 1144 1178 dedisse
1167 1113 1295 1191 scimus,
1324 1133 1438 1179 eorum

137 1217 238 1298 primi
268 1221 343 1280 sunt
369 1215 570 1297 Pergameni.
633 1217 670 1280 ln
699 1217 858 1281 Herodoti
894 1217 980 1281 enirn
1017 1219 1124 1281 statua
1155 1217 1305 1299 Pergami
1333 1237 1439 1298 nuper

137 1323 281 1401 reperta,
314 1320 371 1384 ubi
401 1319 570 1399 quondam
596 1319 631 1383 in
651 1319 850 1384 bibliotheca
872 1319 1030 1384 collocata
1053 1323 1132 1397 erat,
1161 1320 1263 1384 verba
1285 1320 1439 1402 inscripta

139 1424 292 1504 legrmtur
317 1417 763 1507 Ἡρόδοτος·Ἁλικαρνασσεύς,
786 1443 871 1504 quae
897 1443 1010 1503 regum
1031 1422 1307 1504 Pergamenorum
1329 1427 1438 1488 aetate

139 1527 233 1610 (ante
257 1527 317 1590 133
341 1545 370 1590 a.
394 1524 482 1608 Chr.)
515 1525 669 1606 inscripta
699 1545 770 1589 esse
803 1525 969 1590 literarum
1000 1525 1106 1590 forma
1140 1527 1312 1610 constat¹l
1367 1526 1439 1592 Hoc

138 1635 254 1693 autem
276 1629 467 1710 cognomine
486 1628 705 1709 Pergamenos
721 1628 776 1692 illo
794 1632 943 1710 tempore
965 1647 1043 1692 usos
1066 1647 1148 1704 esse,
1170 1647 1237 1691 non
1259 1629 1349 1709 quod
1370 1630 1438 1693 usi-

140 1735 249 1796 tatum
277 1734 373 1808 esset,
401 1731 460 1795 sed
488 1749 553 1811 quo
580 1751 690 1794 veram
717 1731 877 1796 Herodoti
904 1731 1045 1813 patriam
1075 1730 1301 1812 significarent,
1331 1732 1438 1796 mani-

137 1835 263 1898 festum
292 1837 349 1898 est.
394 1834 479 1898 Nam
507 1853 620 1897 eorum
642 1834 840 1913 testimonia,
869 1834 924 1915 qui
946 1833 980 1898 id
1001 1834 1158 1898 usitatum
1179 1833 1279 1897 luisse
1306 1837 1438 1915 negant,

137 1938 214 2002 solo
232 1938 293 2002 hoc
311 1937 459 2017 exemplo
478 1956 546 2000 non
562 1937 753 2014 refutantur,
773 1937 862 2018 quod
876 1937 976 2000 immo
989 1956 1028 2000 ex
1044 1935 1106 1999 illis
1120 1937 1315 2001 testimoniis
1328 1937 1437 2002 existi-

137 2040 300 2104 mandum
318 2043 376 2103 est.
403 2039 504 2117 Alter,
523 2039 612 2120 quod
629 2039 780 2116 sciamus,
799 2040 1003 2103 Herodotum
1021 2039 1305 2103 Halicamasseum
1324 2040 1437 2122 appel-

136 2143 221 2206 lavit
231 2142 412 2224 Dionysius,
430 2142 479 2206 cui
496 2142 557 2223 ipsi
577 2160 707 2223 quoque
723 2142 1003 2206 Halicarnassensi
1021 2161 1202 2222 cognomen
1220 2147 1279 2206 est.
1301 2143 1349 2207 Ae
1361 2148 1438 2224 post

137 2247 233 2310 hune
257 2245 385 2326 saepius
414 2245 448 2308 id
479 2245 648 2310 Herodoto
676 2245 816 2309 inditum
850 2245 1019 2309 invenitur.
1065 2245 1157 2323 Quae
1179 2265 1231 2310 res
1254 2246 1438 2310 necessaria

138 2352 224 2426 erat,
255 2349 282 2412 si
313 2348 472 2428 prooemii
499 2348 678 2412 Herodotei
703 2349 806 2412 verba
829 2344 996 2433 Ἡρόδοτος
1024 2347 1276 2434 Ἁλικαρνασσεύς
1298 2349 1440 2429 genuina

137 2451 351 2534 putabantur.
390 2450 485 2515 Hanc
506 2455 617 2515 autem
639 2452 815 2515 multorum
832 2451 1019 2534 opinionem
1036 2453 1136 2516 luisse
1156 2454 1294 2533 oportet,
1316 2452 1349 2515 in
1372 2471 1438 2532 qua

136 2573 210 2618 non
233 2553 338 2617 solum
357 2553 577 2630 Plutarchum,
600 2554 658 2618 sed
681 2555 780 2619 etiam
799 2575 874 2619 eum
891 2556 990 2620 fuisse
1013 2555 1162 2633 sciamus
1186 2554 1242 2636 qui
1260 2554 1378 2618 librum
1396 2554 1438 2618 de

135 2656 277 2720 Homeri
305 2675 423 2738 genere
451 2660 483 2721 et
511 2657 579 2721 vita
600 2657 788 2738 inscriptum
810 2657 981 2722 Herodoto
1008 2658 1188 2738 supposuit.
1233 2656 1328 2720 Hunc
1351 2655 1438 2720 enim

135 2758 426 2828 Halicarnasseum
438 2759 612 2841 appellavit
624 2761 793 2841 prooemio
805 2760 881 2824 ficto
891 2760 964 2823 libri
972 2760 1150 2825 Herodotei
1160 2760 1286 2824 initium
1295 2758 1437 2823 imitans.

230 2862 296 2926 Sed
318 2863 466 2944 quamvis
492 2862 555 2926 hoc
578 2881 759 2943 cognomen
780 2883 842 2926 usu
864 2863 1068 2945 reciperetur,
1098 2867 1211 2927 tamen
1237 2862 1374 2926 alterum
1397 2881 1437 2926 ex

136 2985 204 3030 usu
225 2966 384 3030 removeri
406 2985 473 3029 non
502 2969 641 3047 poterat,
674 2966 752 3030 dum
779 2967 850 3047 ipso
873 2966 1032 3030 Herodoti
1061 2966 1143 3030 libro
1171 2966 1435 3047 pervulgabatur.

139 3068 242 3146 Quod
264 3069 362 3133 etiam
385 3069 589 3149 imperatoris
611 3069 728 3132 Juliani
749 3068 952 3150 temporibus
974 3073 1043 3133 tarn
1065 3069 1222 3133 usitatum
1243 3069 1314 3145 fuit,
1335 3072 1371 3132 ut
1393 3068 1437 3132 ad

137 3170 300 3236 Herodoti
326 3190 448 3235 nomen
471 3170 718 3252 significandum
741 3173 913 3236 sufficeret.
958 3173 1031 3253 lpse
1055 3173 1141 3236 enim
1162 3171 1307 3236 Julianus
1329 3171 1436 3235 Hero-

138 3275 258 3337 dotum
279 3274 329 3338 bis
352 3274 423 3338 sola
444 3273 663 3355 appellatione
685 3274 870 3339 fabularum
889 3276 1053 3357 scriptoris
1069 3275 1182 3338 Thurii
1199 3274 1398 3356 significavit.
1408 3271 1435 3356 ²)

231 3376 393 3458 Quoniam
414 3377 510 3458 igitur
531 3382 678 3442 veterum
700 3377 986 3458 grammaticorum
1007 3379 1129 3442 nemini
1151 3378 1269 3442 mirum
1290 3397 1437 3459 unquam

135 3478 244 3543 rideri
269 3479 384 3560 potuit,
414 3480 442 3544 si
464 3479 560 3544 Duris
581 3479 786 3543 Herodotum
812 3479 1011 3561 appellasset
1033 3481 1201 3559 Thurium,
1230 3501 1363 3546 neeesse
1387 3484 1437 3544 est

232 3683 253 3750 ¹)
281 3685 320 3738 (ΙΙ.
337 3685 500 3740 Allendmer
524 3703 578 3740 von
596 3686 749 3753 Pergamon
769 3685 838 3738 VlII.
859 3687 872 3737 1
897 3685 952 3751 (die
969 3686 1131 3740 luschriflen
1153 3703 1207 3740 von
1225 3686 1377 3754 Pergamon
1394 3687 1436 3740 ed.

137 3770 205 3824 Max
218 3769 342 3837 Frankel)
360 3787 385 3839 p.
398 3773 455 3825 118.
473 3772 523 3826 No.
535 3773 593 3826 199.
615 3769 780 3843 ‘dedoroffl
795 3769 1042 3840 Ἀλικαρνασο[ιύς].
1070 3772 1103 3825 cf.
1117 3787 1143 3839 p.
1155 3773 1211 3838 117,
1226 3773 1276 3825 Nu.
1288 3773 1435 3826 198—roa:

136 3856 227 3910 Unter
254 3854 344 3907 diesen
367 3855 515 3911 Nummern
542 3857 603 3911 siud
625 3858 707 3910 Reste
731 3873 786 3910 von
810 3857 1008 3911 Statuenbaseu
1035 3857 1308 3926 zusammengestellt‚
1335 3858 1437 3912 welche

136 3941 341 3995 unzweilelhalt
365 3943 412 3995 der
434 3943 674 4010 pergamenischen
692 3943 846 3996 Bibholhelr
868 3943 1043 4011 angehbrten.
1079 3942 1137 4010 Vgl.
1156 3942 1250 4007 Conna,
1269 3943 1392 3997 Berichte
1410 3945 1435 3996 d.

136 4026 211 4079 Berl.
228 4027 315 4079 Akad.
337 4027 415 4091 1884,
434 4029 460 4080 S.
482 4029 561 4092 1161,
580 4029 743 4082 Altertumer
760 4045 786 4082 v.
805 4029 957 4096 Pergamon
975 4029 1012 4092 ΙΙ,
1032 4029 1058 4082 S.
1077 4027 1118 4080 68.
1139 4056 1167 4065 -
1189 4029 1228 4081 De
1247 4033 1333 4081 aetate
1353 4029 1436 4083 affero

137 4111 233 4164 Conzii
250 4111 335 4164 verba
354 4111 455 4178 (Jahrb.
475 4114 499 4166 d.
515 4114 545 4166 K.
561 4113 665 4167 Prcuss.
682 4115 959 4182 Kunstsammlungen
976 4112 1025 4167 Ill.
1052 4113 1140 4167 Berol.
1157 4113 1231 4176 1881,
1251 4130 1276 4182 p.
1291 4114 1333 4167 86.
1362 4115 1436 4181 ,Den

136 4197 325 4264 Schristzugen
339 4198 411 4252 uach
423 4199 523 4252 ruhren
537 4200 574 4253 sie
591 4200 642 4253 alle
658 4217 707 4253 aus
720 4201 767 4253 der
781 4199 934 4266 Kouigszeit
950 4201 1022 4253 her.“
1052 4198 1105 4265 Qui
1122 4199 1198 4252 locus
1216 4204 1256 4252 est
1273 4199 1307 4252 de
1324 4198 1435 4268 iuscrip-

134 4282 267 4347 tionibus,
287 4299 403 4350 quarum
419 4283 447 4336 in
466 4301 578 4338 numero
597 4285 666 4339 haec
683 4291 732 4349 est,
751 4302 822 4353 quae
840 4287 875 4339 ad
893 4285 1061 4339 Herodotum
1079 4284 1203 4352 perlinat.
1222 4313 1255 4321 -
1274 4284 1313 4338 De
1331 4289 1390 4339 tota
1407 4301 1436 4338 re

136 4367 172 4421 ci.
193 4383 232 4430 ea,
252 4383 324 4435 quae
341 4368 411 4421 inira
429 4369 554 4423 dicuutur
573 4387 599 4438 p.
617 4371 659 4424 54.

228 4451 250 4520 ²)
277 4451 375 4506 Julian.
393 4453 516 4522 Aposiat.
553 4454 580 4523 a)
602 4456 685 4523 Epist.
704 4457 745 4514 19,
773 4456 938 4526 ὁλογοποιὸς
963 4453 1100 4526 diluiuum
1123 4451 1180 4508 ὦτα
1198 4455 1267 4507 εἶπεν
1290 4455 1436 4522 ἀνθρώποις

136 4538 285 4611 ὀφθαλμῶν
299 4539 457 4608 ἀπιστότερα,
477 4541 509 4594 cf.
524 4541 623 4594 Herod.
642 4540 663 4594 I.
681 4542 706 4595 8.
725 4543 755 4609 b)
774 4543 847 4596 Suid.
863 4559 884 4596 s.
900 4539 1096 4611 1.“Ηρ1δοτος;
1116 4541 1140 4593 tl
1153 4559 1189 4612 τῳ
1204 4541 1290 4600 πιστὸς
1306 4541 1436 4611 hileimo:

135 4626 204 4678 εἶναι
223 4623 360 4694 λογοποιὸς
377 4625 454 4679 δοκεῖ.
