3330 5214
677 397 888 462 ..15-

128 569 213 630 tate.
246 566 355 630 Pretio
378 567 465 631 enim
488 570 587 648 atque
610 567 836 632 aestimatione
859 573 1062 650 quantopere
1081 570 1211 636 illorum
1230 571 1428 636 Graecorum

128 668 247 734 civitas
268 673 400 734 nostrae
421 672 576 750 praestet,
599 689 666 734 non
687 670 925 760 neglegendum
948 675 1011 736 est.
1045 672 1118 736 Hoc
1138 673 1233 754 igitur
1255 673 1426 740 Strabonis

127 770 225 836 locus
255 772 317 836 sibi
339 772 421 836 vult:
454 771 641 837 Herodotus
663 772 883 838 Halicarnassi
908 777 1005 838 natus
1034 778 1093 853 est,
1121 795 1306 857 quanquam
1332 777 1425 842 Hali·

127 893 326 942 carnasseus
347 894 434 940 nunc
454 893 524 939 non
538 875 729 956 appellatur.
762 876 942 958 Postquam
961 879 1048 942 enim
1067 878 1143 942 civis
1161 879 1301 943 Thorius
1321 879 1425 945 factus

126 981 193 1055 est,
218 979 246 1042 ei
267 979 392 1043 Thurin
413 995 592 1058 cognomen
615 982 694 1043 erat.

221 1079 317 1159 Quod
339 1081 458 1146 Strabo
489 1081 529 1145 de
551 1080 709 1146 Herodoti
733 1082 924 1162 cognomine
946 1083 1038 1160 dicit,
1061 1083 1148 1148 idem
1170 1084 1240 1148 aliis
1260 1085 1368 1150 verbis
1390 1087 1424 1150 in

124 1183 215 1247 libro
252 1184 382 1261 dicitur,
420 1205 520 1266 quem
557 1185 599 1248 de
635 1183 794 1248 Herodoti
833 1185 1034 1266 malignitate
1071 1186 1262 1268 inscriptum
1293 1188 1424 1269 plurimi

123 1286 305 1351 Plutarcho
327 1287 482 1352 tribuunt.
526 1286 610 1370 lbi1)
635 1287 722 1351 enim
748 1287 884 1368 legimus
906 1287 1120 1367 Herodotum,
1143 1290 1309 1372 cumipse
1332 1311 1367 1355 se
1389 1291 1423 1354 in

122 1389 453 1454 Halicamasseorum
473 1409 610 1454 numero
633 1389 778 1467 haberet,
805 1394 917 1456 tamen
941 1412 961 1456 a
983 1393 1097 1456 ceteris
1125 1393 1232 1474 putari
1253 1393 1421 1458 Thurium.

122 1491 225 1556 Unde
247 1496 383 1573 apparet
401 1492 579 1570 Herodot0‚
604 1512 677 1557 cum
694 1494 802 1573 patria
819 1493 887 1558 eius
905 1495 1033 1576 cognita
1050 1498 1146 1573 esset,
1168 1499 1281 1560 tamen
1297 1496 1420 1561 Thurio

125 1587 311 1676 cognomen
327 1595 415 1675 apud
427 1614 540 1659 omnes
557 1595 665 1673 fuisse,
681 1596 920 1662 Halicamassei
939 1598 1130 1678 cognomine
1146 1599 1301 1663 inusitato
1315 1601 1420 1664 nemi-

123 1718 206 1762 nem
223 1717 319 1762 usum
336 1717 417 1775 esse,
437 1698 499 1762 nisi
515 1698 599 1764 forte
610 1699 700 1763 cuius
717 1699 871 1764 intererat
888 1701 1079 1782 cognomine
1096 1701 1253 1766 declarari
1268 1702 1418 1782 patriam.

214 1800 310 1864 Hunc
330 1820 426 1864 usum
449 1801 595 1865 obtinere
616 1802 772 1883 potuisse,
795 1803 823 1866 si
844 1797 935 1866 initio
954 1803 1027 1866 libri
1043 1802 1222 1868 Herodotei
1241 1805 1418 1886 antiquitus

121 1903 365 1968 Halicamassei
392 1922 572 1984 cognomen
594 1908 670 1968 ante
693 1906 839 1970 omnium
861 1905 972 1970 oculos
994 1906 1138 1988 positum
1160 1910 1255 1983 esset,
1285 1907 1418 1988 cogitari

119 2006 216 2070 nullo
238 2006 338 2069 modo
359 2007 478 2087 potest.
522 2007 590 2070 Nec
611 2008 715 2088 magis
738 2008 871 2094 cogitari
897 2012 1007 2089 potest
1029 2027 1049 2072 a
1070 2008 1245 2073 Plutarcho
1268 2009 1358 2072 illum
1376 2009 1418 2074 de

120 2109 285 2174 Herodoti
307 2109 507 2190 malignitate
528 2109 647 2173 librum
669 2111 825 2191 scriptum
847 2131 929 2189 esse,
960 2111 986 2174 si
1008 2111 1130 2175 usitata
1152 2130 1190 2174 ac
1212 2111 1341 2192 cognita
1362 2111 1418 2176 illa

118 2212 220 2278 lectio
243 2214 323 2289 erat,
346 2231 445 2292 quarn
466 2213 641 2293 genuinam
663 2233 683 2276 a
707 2213 880 2278 Plutarcho
903 2213 1060 2278 declarari
1081 2213 1274 2278 videbimus.
1312 2215 1416 2278 Immo

119 2320 159 2380 ut
176 2314 417 2380 Halicamassei
435 2334 615 2396 cognomen
631 2316 857 2397 repudiaretur
878 2317 1079 2381 consuetudo
1102 2336 1173 2380 esse
1195 2336 1263 2381 non
1277 2319 1416 2397 poterat,

118 2418 186 2482 nisi
209 2417 297 2498 quod
318 2418 390 2499 ipso
412 2417 571 2482 Herodoti
592 2417 675 2483 libro
698 2419 786 2484 aliud
809 2438 989 2500 cognomen
1012 2420 1311 2484 commendabatur.
1351 2419 1414 2496 Sic,

117 2540 190 2586 non
218 2520 311 2590 aliter
339 2519 410 2584 fieri
434 2519 550 2601 potuit,
573 2524 609 2584 ut
630 2521 836 2586 Herodotum
858 2523 957 2586 etiam
979 2522 1001 2584 ii
1022 2522 1180 2586 Thurium
1202 2521 1414 2602 appellarent,

119 2624 178 2706 qui
213 2623 280 2686 eius
313 2622 453 2704 patriam
482 2642 549 2687 non
576 2623 779 2704 ignorabant.
833 2625 915 2688 Cum
944 2644 1022 2687 vero
1053 2624 1106 2687 hic
1134 2643 1211 2686 usus
1242 2623 1317 2687 oriri
1346 2642 1414 2686 non

117 2726 273 2808 potuerit,
296 2726 324 2789 si
346 2729 444 2789 antea
460 2745 606 2806 unquam
622 2726 781 2790 Herodoti
797 2727 954 2790 editiones
976 2725 1124 2803 fuissent,
1147 2726 1264 2806 quibus
1286 2724 1413 2788 traditis
1461 2755 1467 2764 ·

117 2828 361 2894 Halicamassei
390 2847 571 2910 cognomen
603 2829 785 2910 pervulgari
817 2833 849 2893 et
882 2830 915 2893 in
947 2848 1044 2892 usum
1078 2828 1271 2909 scriptorum
1303 2827 1413 2891 venire

116 2936 243 3014 posset,
265 2932 299 2996 in
320 2932 392 3012 ipsa
410 2932 515 3011 prima
533 2931 607 2996 libri
624 2930 764 2996 editione
780 2931 949 2996 Herodoto
967 2951 1147 3013 cognomen
1165 2931 1293 3012 oportet
1312 2931 1413 2994 fnisse

116 3031 288 3116 Thurina
325 3034 365 3097 Et
386 3035 533 3115 profecto
555 3035 674 3098 mirum
696 3039 792 3112 esset,
816 3035 843 3097 si
860 3035 1058 3111 Herodotus,
1082 3053 1156 3098 cum
1178 3034 1254 3098 civis
1270 3032 1411 3096 Thorius

115 3139 223 3202 factus
243 3136 510 3201 Halicarnasseus
534 3157 605 3202 esse
628 3138 786 3214 desiisset,
809 3157 829 3201 a
848 3138 955 3218 patria
977 3157 1012 3200 se
1033 3137 1230 3220 appellasset
1249 3135 1411 3199 civitatem

115 3240 275 3304 Thuriam
298 3236 481 3322 neglegens.

203 3343 249 3406 At
276 3343 363 3406 enim
389 3344 532 3424 aliquam
555 3344 597 3407 ob
621 3363 764 3420 causam,
795 3343 934 3422 fortasse
957 3343 1046 3424 quod
1068 3347 1145 3406 ante
1167 3341 1307 3405 Thurios
1332 3358 1410 3402 con-

116 3445 203 3509 ditos
237 3446 396 3510 Herodoti
433 3446 515 3511 liber
555 3447 707 3511 recitatus
749 3466 820 3510 esse
855 3446 1061 3522 tradebatur,
1103 3444 1312 3519 exstiterunt,
1355 3441 1411 3522 qui

115 3549 318 3628 cognominis
345 3549 456 3613 traditi
484 3551 556 3613 loco
584 3549 618 3613 id
640 3549 827 3626 scriberent,
858 3547 947 3629 quod
970 3567 989 3610 a
1010 3547 1116 3628 patria
1145 3547 1278 3609 ductum
1303 3543 1409 3607 Hero-

115 3651 185 3715 doti
209 3651 373 3716 codicibus
395 3653 514 3716 nostris
542 3652 693 3717 omnibus
721 3651 868 3715 traditur.
912 3649 1105 3715 Plutarchus
1113 3646 1139 3729 3)
1169 3649 1256 3712 enim
1282 3647 1410 3710 videtur

204 3821 225 3890 ¹)
253 3823 319 3876 Plat.
339 3824 371 3876 de
389 3823 452 3876 mal.
469 3823 568 3876 Herod.
587 3840 609 3876 c.
628 3824 662 3878 35
679 3824 720 3876 ed.
739 3822 876 3890 Wyttenb.
894 3820 938 3873 IV.
956 3820 976 3872 l.
994 3836 1020 3887 p.
1038 3819 1097 3872 486.
1119 3815 1196 3874 Ἔδει
1212 3819 1258 3887 μὲν
1277 3810 1322 3870 οὖν
1342 3817 1408 3888 μηδὲ

113 3915 168 3968 τοῖς
195 3909 330 3978 μηδίσασιν
354 3905 491 3978 Ἐλλήνων
519 3905 583 3976 ἄγαν
610 3909 769 3978 ἐπεμβαίνειν
797 3908 840 3958 καί
867 3909 948 3958 ταῦτα
970 3901 1077 3974 Θούριον
1105 3906 1151 3973 μὲν
1175 3904 1222 3959 ὑπὸ
1245 3907 1298 3957 τῶν
1320 3900 1408 3956 ἄλλων

113 3993 294 4061 νομιζόμενον,
320 3993 396 4048 αὐτὸν
416 3995 443 4046 δὲ
455 3992 459 4012 ²
471 3991 682 4066 Αλικαρνασσέιον
701 3993 898 4064 περιεχόμενον,
924 3991 949 4043 οἳ
966 3988 1071 4060 Δωριεῖς
1088 3988 1161 4050 ὅντες
1179 3992 1244 4059 μετὰ
1260 3992 1305 4059 τὴς
1323 4007 1407 4059 γυναι-

112 4079 247 4138 ructato<
265 4081 306 4133 ἐπὶ
323 4081 383 4140 τοὺς
395 4075 527 4152 ’Έλληνας
544 4080 720 4149 ἐστράτευσαν.

201 4164 224 4234 ²)
251 4165 342 4220 Dielsii
370 4172 529 4234 argumenta
556 4166 670 4220 eandem
701 4165 856 4234 opinionem
883 4163 1043 4231 proferentis
1076 4163 1199 4229 (Hermes
1225 4162 1306 4216 XXII.
1332 4161 1405 4214 1887.

112 4268 138 4318 p.
156 4251 209 4304 440
225 4251 340 4319 Annot.)
357 4252 449 4320 inepta
465 4253 531 4306 mihi
549 4252 674 4305 videntur
690 4267 757 4304 esse.
792 4250 885 4318 Neque
902 4248 974 4303 enim
993 4249 1100 4303 Duridis
1116 4248 1301 4301 testimonium
1317 4263 1407 4314 neque

112 4336 263 4392 Aristotelis
281 4337 358 4392 locus
377 4337 540 4391 documento
560 4354 618 4390 esse
636 4341 759 4404 possunt.

198 4421 222 4490 3)
249 4422 318 4476 Plnt.
338 4422 371 4476 de
389 4422 481 4476 exsilio
505 4422 532 4475 C.
553 4423 592 4476 18.
616 4423 657 4476 ed.
677 4421 812 4490 Wyttenb.
831 4422 877 4478 ΙΙΙ,
898 4422 921 4472 1.
944 4437 970 4488 p.
989 4420 1049 4472 437.
1076 4419 1105 4472 τὸ
1130 4419 1157 4471 δὲ
1175 4417 1318 4488 Ἡροδότου
1332 4414 1405 4471 ‘An-

111 4509 275 4576 ααρνασσίιυς
297 4509 410 4579 ἱστορίης
433 4507 557 4568 ἀπόδειξις
574 4503 621 4576 ἥδε
642 4506 734 4560 πολλοὶ
752 4505 954 4575 μεταγράφουσιν
968 4503 1114 4577 Ἠροδίτου
1132 4501 1249 4574 Θουρίου·
1268 4501 1405 4576 μετῴκησε

112 4593 158 4665 γὰρ
179 4595 212 4654 είς
231 4591 355 4662 Θουρίους
373 4593 416 4645 καί
434 4595 481 4661 τῆς
499 4593 616 4650 ἀποικίας
634 4591 734 4662 ίτιείνης
753 4593 870 4664 μετέσχε.
