3330 5214
659 423 871 486 ..31-

117 613 198 656 usus
226 591 354 674 ineptis,
398 593 485 657 Nam
506 594 606 658 verba
633 595 770 678 γενέσθαι
798 597 831 659 δὲ
859 595 935 658 κατὰ
963 595 1110 658 Πανύασιν
1132 600 1192 664 τοῖς
1214 595 1341 680 χρόνοις,
1364 597 1411 660 ἐπὶ

112 698 148 761 δὲ
178 697 238 761 τῶν
261 697 414 780 Περσικῶν
438 699 592 780 ὀλυμπιάδι
621 697 665 762 σε’
695 699 846 763 νεανίσκον
875 688 933 782 ἤδη
962 696 1037 761 εἶναι
1047 696 1071 778 ¹)
1101 715 1168 759 non
1195 696 1411 778 intellegenda

112 802 203 876 sunt,
235 799 328 880 quasi
350 799 413 863 loci
442 803 535 881 parte
564 800 745 881 posteriore
773 799 863 882 prior
892 799 1092 881 explanetur,
1120 818 1193 862 cum
1220 799 1309 880 prior
1334 819 1410 884 pars

112 902 159 965 ad
182 901 370 968 Choerilum
392 902 541 966 Samium
563 903 700 984 epicum,
722 904 883 985 posterior
905 902 947 966 ad
971 901 1157 966 Choerilum
1176 902 1411 966 Atheniensem

113 1004 279 1069 comicum
305 1009 438 1087 spectet,
470 1005 525 1086 qui
553 1009 585 1069 et
611 1007 700 1088 apud
729 1005 865 1070 Suidam
892 1008 924 1069 et
950 1005 1038 1086 apud
1060 1005 1239 1069 Eudociam
1260 1024 1334 1070 cum
1356 1006 1410 1071 illo

113 1107 273 1172 confusus
296 1105 389 1192 est.²)
433 1109 501 1173 Nec
523 1109 601 1172 certi
624 1109 803 1190 quidquam
820 1108 921 1172 verba
944 1111 990 1172 ἐπὶ
1013 1110 1046 1173 δὲ
1067 1113 1125 1172 τῶν
1148 1110 1301 1192 Περσικῶν
1324 1112 1411 1195 ὀλυμ-

111 1213 197 1275 πιάδι
220 1216 263 1274 σε’
286 1211 413 1289 docent,
438 1211 516 1274 dum
535 1211 694 1276 incertum
717 1215 775 1288 est,
799 1211 877 1292 quid
899 1211 1001 1275 verba
1023 1213 1070 1275 ἐπὶ
1091 1213 1150 1275 τῶν
1174 1212 1325 1296 Περσικῶν
1349 1213 1410 1276 sibi

111 1312 226 1376 velint.
276 1313 361 1377 Nam
392 1315 530 1394 saepius¹
552 1315 640 1396 apud
670 1313 807 1378 Suidam
835 1314 1028 1396 olympiadis
1057 1333 1226 1391 numeruS,
1261 1315 1410 1396 quamvis

111 1417 157 1479 ab
189 1416 229 1478 iis
255 1415 363 1479 verbis
398 1437 482 1499 quae
517 1417 712 1481 antecedunt
746 1416 920 1498 discrepet,
956 1417 1049 1498 quasi
1083 1417 1279 1498 explanandi
1312 1437 1410 1482 causa

109 1538 269 1599 perverse
298 1518 428 1583 additus
460 1517 554 1604 est.³)
606 1520 753 1584 Eandem
787 1520 830 1582 ob
865 1538 998 1583 causam
1029 1523 1153 1583 certum
1183 1524 1410 1600 argumentum

112 1621 191 1685 duci
214 1640 281 1685 non
302 1625 412 1702 potest
435 1642 452 1686 e
475 1623 582 1686 verbis
605 1622 773 1704 conuptiS,
797 1641 881 1703 quae
904 1641 929 1684 s.
949 1642 979 1685 ν.
1003 1621 1114 1705 Χάρων
1137 1621 1301 1703 legrmtur:
1331 1627 1410 1708 γενό-

112 1749 205 1810 μενος
228 1725 304 1788 κατὰ
325 1727 374 1788 τδν
397 1727 513 1809 πρῶτον
532 1727 657 1810 Δαρεῖον
681 1727 729 1790 otl'
754 1727 918 1809 ὀλυμπιάδι,
943 1727 1055 1809 μάλλον
1079 1727 1112 1790 δὲ
1134 1721 1169 1808 ἦν
1192 1728 1238 1789 ἐπὶ
1260 1727 1318 1790 τῶν
1336 1729 1410 1807 Περ-

110 1829 205 1892 σικῶν
229 1828 304 1891 κατὰ
325 1831 377 1912 τὴν
401 1832 443 1893 σε’
468 1831 642 1912 ὀλυμπιάδα.
688 1827 810 1891 Addita
839 1828 924 1892 enim
952 1828 1053 1891 verba
1080 1829 1129 1892 σθ’
1153 1831 1308 1912 ὀλυμπιάδι
1337 1849 1409 1894 cun]

111 1931 155 1994 iis
180 1949 265 2011 quae
294 1930 490 1994 antecedunt
512 1931 653 1994 maxime
676 1930 871 2011 discrepant.
925 1930 1046 1994 Suidae
1067 1950 1145 1994 vero
1174 1951 1252 1995 usus
1275 1933 1410 1997 adrem

111 2037 264 2097 nostram
282 2033 530 2115 disceptandam
545 2033 625 2097 nihil
637 2034 732 2097 valet.
768 2034 861 2111 Quae
878 2033 963 2097 enirn
980 2033 1066 2114 apud
1084 2033 1219 2097 Suidam
1236 2035 1409 2099 verborum

109 2139 161 2201 ἐπὶ
184 2137 244 2200 τῶν
267 2137 419 2221 Περσικῶν
447 2136 596 2216 exempla
623 2136 845 2213 inveniuntur,
873 2155 940 2199 non
970 2136 1080 2200 omnia
1107 2135 1187 2200 talia
1216 2140 1291 2200 sunt
1312 2141 1348 2201 ut
1371 2158 1410 2202 ex

108 2239 150 2302 iis
179 2239 259 2320 ipsis
289 2243 459 2320 appareat,
487 2239 576 2321 quod
602 2242 732 2322 tempus
755 2240 809 2304 illa
831 2239 932 2304 verba
954 2239 1143 2320 significent.
1151 2237 1179 2324 ⁴)
1224 2240 1272 2304 Ac
1293 2259 1352 2321 per
1374 2262 1410 2305 se

109 2342 250 2406 dubium
281 2346 345 2419 est,
382 2343 569 2422 aequalisne
599 2343 686 2423 apud
717 2343 868 2420 Suidam,
905 2343 1024 2424 quippe
1054 2342 1109 2423 qui
1139 2343 1277 2406 aliorum
1306 2343 1410 2409 soleat

106 2445 216 2508 verba
244 2445 395 2522 reddere,
426 2445 553 2509 illorum
584 2446 757 2510 verborum
786 2466 865 2510 usus
895 2446 1046 2509 omnihus
1075 2445 1155 2509 locis
1184 2446 1235 2509 sit.
1287 2447 1409 2511 Eadem

109 2547 227 2630 opinio
257 2547 506 2631 Tzschirner05)
536 2549 710 2613 obversata
742 2553 791 2612 est
822 2549 941 2612 dicenti
974 2568 1041 2612 non
1071 2549 1206 2613 Suidam
1241 2549 1304 2613 hoc
1336 2550 1408 2614 loco

107 2650 217 2714 verba
240 2652 286 2714 ἐπὶ
308 2656 366 2714 τῶν
384 2652 535 2736 Περσικῶν
558 2652 601 2714 ad
622 2671 752 2733 pugnae
768 2651 993 2716 Marathonius
1013 2655 1142 2732 tempus
1154 2652 1325 2729 rettulisse,
1350 2654 1408 2717 sed

106 2752 288 2816 verborum
315 2756 492 2830 auctorem,
522 2774 621 2835 quem
643 2753 760 2818 Suidas
790 2757 989 2834 sequeretur.
1041 2753 1155 2834 Itaque
1187 2755 1408 2834 quaerendum

107 2875 183 2920 non
215 2858 273 2932 est,
301 2856 388 2936 quod
417 2860 547 2939 tempus
576 2857 676 2920 verbo
706 2859 743 2921 τά
765 2858 895 2940 Περσικά
926 2857 1013 2937 apud
1037 2856 1172 2921 Suidam
1202 2856 1408 2938 significetur,

106 2957 173 3022 sed
197 2957 286 3038 quod
309 2977 348 3021 eo
371 2959 542 3039 significari
565 2959 697 3022 omnino
721 2959 832 3040 possit.

201 3060 300 3124 Cuius
320 3061 410 3124 verbi
426 3081 499 3124 curn
515 3062 588 3126 talis
611 3062 653 3125 sit
674 3062 722 3125 vis
745 3081 783 3125 ac
804 3064 921 3125 natura
942 3065 987 3139 ut,
1012 3062 1170 3144 quidquid
1192 3064 1409 3145 appellatione

107 3183 225 3228 rerum
246 3163 449 3228 Persicarum
472 3165 766 3246 comprehenditur,
789 3183 829 3228 eo
848 3164 1018 3245 significari
1034 3165 1147 3246 possit,
1171 3165 1204 3228 id
1220 3166 1262 3229 ad
1279 3171 1407 3249 tempus

106 3266 278 3331 bellorum
294 3267 378 3330 inter
393 3267 510 3330 Persas
530 3270 561 3330 et
578 3267 717 3331 Graecas
734 3271 900 3348 gestorum
918 3267 1029 3331 referri
1045 3270 1154 3349 potest
1171 3271 1203 3331 et
1220 3273 1408 3334 cunctorum

108 3375 144 3434 et
170 3368 387 3448 complurium
414 3371 445 3432 et
473 3369 681 3449 singulorum.
733 3370 799 3434 Sed
822 3370 990 3451 quodnam
1011 3370 1129 3434 horum
1150 3374 1335 3452 temporum
1357 3372 1407 3436 in-

105 3471 334 3552 tellegendum
367 3471 423 3548 sit,
463 3472 525 3535 nisi
558 3471 621 3536 alio
662 3473 762 3536 modo
802 3473 931 3554 planius
972 3472 1182 3553 significatur,
1222 3492 1282 3554 pro
1315 3478 1408 3538 tanta

105 3573 256 3638 notionis
285 3573 443 3638 varietate
471 3594 568 3638 nemo
599 3575 680 3638 scire
709 3580 828 3656 potest.
880 3574 952 3639 Hoc
981 3576 1075 3656 igitur
1103 3576 1203 3640 verbo
1226 3576 1293 3640 sive
1316 3581 1407 3640 aetas

107 3676 253 3741 dicenda
275 3680 345 3740 erat
366 3677 451 3742 inter
472 3678 665 3742 seditionem
681 3678 824 3742 lonicum
847 3681 879 3741 et
899 3677 1042 3742 Cimonis
1061 3673 1200 3741 mortem
1217 3678 1407 3759 interposita

106 3781 181 3844 sive
203 3783 295 3843 aetas
318 3780 560 3861 expeditionum
583 3801 602 3844 a
618 3780 724 3844 Dareo
747 3784 779 3844 et
796 3781 903 3844 Xerxe
925 3780 959 3843 in
975 3779 1143 3844 Graeciam
1161 3780 1321 3843 factarum
1340 3781 1407 3844 sive

104 3888 243 3964 tempus
265 3901 394 3962 pugnae
416 3881 654 3959 Marathoniae,
682 3903 734 3946 res
760 3882 830 3946 fieri
852 3902 920 3947 non
941 3885 1070 3963 poterat
1093 3883 1171 3962 quin
1192 3882 1254 3946 loci
1276 3883 1407 3964 reliquis

109 4031 375 4040 ...η-...ψ

201 4104 224 4172 ¹)
252 4104 325 4158 Suid.
344 4121 365 4158 s.
384 4119 415 4157 v.
430 4102 556 4172 Xolpdtoc,

200 4189 223 4257 ²)
254 4190 312 4244 Hoc
328 4191 399 4244 infra
418 4189 675 4244 demonstrabimus.
711 4191 744 4244 cl.
762 4208 788 4258 p.
807 4192 918 4244 38-40.

199 4274 223 4342 ³)
249 4275 289 4329 De
306 4277 358 4329 hac
375 4292 404 4328 re
421 4275 492 4328 infra
510 4275 679 4330 disseremus.
716 4277 748 4329 cf.
766 4293 792 4344 p.
812 4278 854 4330 37.

201 4358 224 4428 ⁴)
252 4361 350 4415 Suidae
376 4361 447 4414 vitas
473 4368 629 4429 persecutus
655 4362 697 4415 his
724 4363 791 4416 locis
815 4362 939 4430 exempla
962 4363 1063 4418 inveni:
1094 4380 1114 4416 s.
1139 4380 1164 4420 ν.
1192 4365 1214 4416 1.
1239 4362 1406 4428 Artemisiae,

107 4447 134 4498 Π.
152 4443 298 4510 Chionidis,
314 4447 338 4498 3.
353 4446 475 4513 Choerili,
494 4448 519 4500 l.
534 4446 672 4511 Charonis,
690 4449 715 4500 5.
729 4447 889 4515 Epicharmi,
909 4449 932 4500 6.
947 4449 1084 4513 Hellanioi,
1102 4450 1126 4502 7.
1141 4448 1260 4517 Hippyis,
1278 4450 1303 4502 8.
1319 4449 1405 4518 Pany-

110 4529 220 4595 assidis‚
238 4531 262 4584 9.
282 4531 422 4598 Phrynidis
441 4532 518 4601 (κατὰ
536 4533 568 4586 τά
586 4531 711 4603 Μηδικά).

203 4615 225 4683 ⁵)
252 4616 269 4669 l.
288 4633 310 4669 c.
329 4634 354 4684 p.
376 4619 416 4670 16.
