3330 5214
683 428 895 492 ..37-

229 601 257 664 8.
292 620 318 664 s.
341 620 371 662 v.
395 599 558 664 Isocratis:
586 603 743 685 γενόμενος
767 603 814 665 ἐπὶ
835 605 886 685 τῆς
909 610 957 675 πς’
982 604 1161 687 ὀλυμπιάδος
1185 591 1202 668 ὀ
1226 605 1286 668 ἐστι
1308 606 1381 688 μετὰ
1400 606 1436 668 τὰ

134 704 414 788 Πελοποννησιακά.

226 807 431 888 Depravatus
454 807 507 871 hio
528 806 618 871 locus
642 807 759 871 eodem
780 807 880 871 modo
904 810 964 885 est,
987 827 1052 889 quo
1075 809 1250 889 proximus.
1292 811 1435 875 Verbum

134 910 228 974 enim
260 912 348 995 μετά,
379 929 568 993 quanquam
597 909 736 974 Coraem
762 914 936 991 sequentes
970 930 1085 974 ornnes
1115 912 1183 976 fere
1213 913 1434 995 sacrilegum,

133 1016 252 1077 tamen
282 1012 361 1076 satis
396 1032 434 1076 eo
465 1017 602 1090 constat,
620 1013 723 1094 -quod
753 1013 861 1078 verbis
894 1016 970 1078 κατὰ
1002 1017 1040 1079 τὰ
1073 1015 1336 1101 Πελοποννησιακαί
1368 1036 1435 1080 non

134 1115 181 1179 ol.
199 1115 243 1178 86
265 1115 472 1196 significatur,
495 1115 554 1180 sed
577 1116 688 1193 01.87‚
712 1136 731 1180 a
754 1136 819 1197 qua
840 1116 963 1180 bellum
980 1116 1295 1198 Peloponnesiacum
1313 1119 1433 1200 incipit.

133 1217 268 1283 Aetatis
296 1218 411 1283 liorem
445 1217 473 1282 si
502 1217 536 1281 in
564 1218 814 1300 quadragesimo
843 1219 930 1282 ritae
959 1237 1046 1284 anno
1075 1221 1241 1301 ponimus,
1275 1221 1434 1286 Isocrates

134 1321 181 1385 ol.
198 1322 241 1385 86
257 1324 353 1384 natus
371 1320 412 1385 ol.
429 1322 471 1385 96
487 1324 596 1386 aetate
614 1321 733 1399 floruit,
750 1321 839 1403 quod
854 1325 994 1403 tempus,
1011 1342 1084 1388 cum
1100 1323 1179 1388 illud
1194 1325 1317 1390 bellum
1332 1325 1374 1389 ol.
1391 1326 1434 1390 94

133 1423 324 1488 confectum
346 1423 398 1501 sit,
427 1423 535 1488 verbis
562 1427 636 1510 μετὰ
663 1425 699 1489 τὰ
721 1426 984 1510 Πελοποννησιακά
1014 1425 1220 1506 significatur.
1270 1427 1433 1506 Quoniam

132 1526 237 1609 igitur
257 1527 357 1591 verba
380 1516 397 1592 ὅ
420 1528 479 1592 ἐστι
501 1532 563 1592 κτλ.
587 1547 822 1609 perversepro
844 1527 952 1591 verbis
974 1529 1077 1612 γέγονε
1098 1529 1151 1593 vel
1171 1526 1206 1612 ἦν
1230 1529 1284 1614 (=
1303 1522 1432 1616 ἤκμασε)

132 1633 214 1715 μετὰ
243 1632 280 1694 τὰ
308 1631 572 1714 Πελοποννησιακά
599 1634 731 1712 sumpta
760 1634 850 1708 sunt,
880 1631 933 1694 hic
959 1631 1049 1696 locus
1077 1632 1194 1697 eadem
1220 1652 1295 1697 cum
1321 1633 1432 1714 negle-

131 1733 249 1815 gentia
276 1752 314 1797 ac
342 1737 528 1815 temporum
550 1734 732 1816 ignorantia
761 1734 961 1816 compositus
988 1738 1052 1814 est,
1082 1755 1181 1816 quam
1211 1735 1325 1800 ceteris
1353 1735 1432 1800 locis

132 1836 360 1918 cognovimus.
411 1837 460 1900 Ac
488 1837 663 1902 manifesta
692 1840 742 1902 est
770 1837 947 1902 similitudo
974 1838 1058 1903 inter
1084 1839 1185 1904 verba
1208 1827 1225 1903 ὅ
1248 1841 1307 1904 ἐστι
1330 1844 1361 1904 et
1383 1842 1433 1903 καὶ

131 1943 205 2025 γάρ,
230 1940 347 2021 quibus
369 1939 477 2004 verbis
500 1939 622 2005 Suidae
644 1940 685 2005 de
707 1939 915 2022 Panyassidis
938 1945 1045 2006 aetate
1067 1942 1157 2006 locus
1181 1945 1350 2026 corruptus
1373 1945 1431 2006 est.

225 2042 365 2108 Pristina
393 2043 499 2107 forma
527 2043 798 2122 testimoniorum,
829 2064 847 2108 e
878 2044 995 2125 quibus
1025 2045 1115 2109 locus
1146 2045 1345 2127 compositus
1373 2047 1432 2122 est,

130 2146 222 2210 haec
244 2146 311 2211 fere
333 2147 409 2210 fuit:

293 2249 334 2312 A.
369 2250 485 2331 ἐγένετο
510 2249 564 2334 (=
586 2252 683 2314 natus
707 2250 768 2333 est)
791 2251 839 2314 ἐπὶ
861 2253 911 2334 τῆς
933 2255 982 2324 πς’
1007 2252 1194 2335 ὀλυμπιάδος.

294 2352 331 2416 Β.
365 2353 469 2435 γέγονε
493 2352 547 2436 (=
569 2343 698 2437 ἤκμασε)
721 2355 795 2438 μετὰ
816 2355 853 2419 τὰ
876 2355 1150 2439 Πελοποννησιακά.

225 2456 255 2520 9.
290 2475 316 2519 S.
347 2476 376 2519 v.
413 2455 586 2520 Charonis:
621 2458 778 2548 γενόμενος
811 2459 887 2521 κατὰ
919 2460 969 2520 τόν
991 2458 1108 2540 πρῶτον
1131 2460 1255 2543 Δαρεῖον
1274 2458 1322 2522 οβ’
1345 2460 1432 2542 ὀλυμ

130 2562 228 2626 πιάόι.

227 2662 310 2726 Cum
331 2661 373 2726 ol.
392 2662 432 2726 79
455 2661 487 2725 in
505 2662 601 2726 Darei
623 2681 759 2743 regnum
781 2662 822 2726 ol.
843 2662 885 2726 78
907 2663 1027 2726 mortui
1046 2673 1116 2727 ¹non
1138 2643 1244 2740 cadat,
1262 2664 1363 2728 verba
1382 2667 1430 2729 οβ’

131 2762 297 2850 ὀλυμπιάδι
328 2765 451 2829 addere
482 2783 580 2828 nemo
613 2764 720 2846 potuit
748 2765 810 2830 nisi
842 2765 1000 2843 nesciens,
1035 2785 1100 2846 quo
1130 2769 1278 2846 tempore
1307 2765 1432 2831 Dareus

129 2868 331 2950 regnaverit.
377 2867 443 2932 Sed
470 2869 617 2950 quamvis
647 2868 756 2948 inepte
783 2868 896 2933 addita
922 2869 995 2946 sint,
1026 2873 1138 2933 tamen
1167 2868 1342 2934 Creuzerus
1370 2890 1431 2935 nu·

130 2993 265 3039 merum
294 2970 337 3036 tt'
369 2971 402 3036 in
429 2969 468 3044 ξδ’
500 2974 627 3035 mutare
652 2990 720 3035 non
748 2971 870 3036 debuit.
920 2972 1027 3050 Quam
1050 2972 1136 3036 enim
1158 2971 1222 3036 hoc
1242 2991 1432 3053 perversum

132 3077 191 3154 sit,
215 3075 295 3140 satis
318 3075 418 3140 exiis
441 3078 577 3156 apparet
600 3094 684 3156 quae
707 3075 925 3156 exposuimus.

230 3179 277 3241 10.
312 3198 337 3242 s.
361 3199 390 3242 v.
418 3178 553 3260 Ephori:
584 3174 619 3263 ἦν
649 3177 674 3242 δ’
705 3179 752 3242 ἐπὶ
778 3202 829 3262 της
856 3176 915 3264 qs
945 3181 1124 3264 ὀλυμπιάδος
1152 3183 1192 3250 ὡς
1220 3181 1269 3242 καὶ
1296 3182 1353 3263 πρὸ
1380 3183 1432 3263 τῆς

133 3283 290 3347 Φιλίππου
314 3283 463 3370 βασιλείας
486 3281 560 3346 εἶναι
581 3284 634 3346 τοῦ
657 3281 841 3354 Μακεδόνος.

228 3384 392 3466 Olympias
410 3385 451 3448 93
471 3384 579 3448 verbis
597 3387 653 3468 πρὸ
672 3387 723 3466 τῆς
742 3385 891 3450 Φιλίππου
911 3387 1060 3472 βασιλείας
1079 3384 1213 3448 indicari
1229 3401 1295 3448 non
1311 3388 1431 3465 potest,

133 3507 215 3554 cum
237 3487 300 3551 hoc
321 3491 450 3569 tempus
473 3487 568 3551 nimis
591 3507 611 3551 a
633 3487 775 3568 Philippi
795 3508 895 3568 regno
918 3488 1027 3565 distet,
1057 3488 1145 3570 quod
1168 3488 1210 3552 ab
1234 3487 1275 3550 ol.
1298 3488 1358 3550 105
1381 3488 1430 3550 in·

132 3591 265 3672 cepisse
293 3590 442 3654 vidimus
493 3590 541 3655 De
570 3610 635 3671 quo
663 3594 813 3672 tempore
844 3591 1051 3672 cogitandum
1085 3591 1136 3668 sit,
1170 3590 1264 3654 facile
1299 3594 1348 3655 est
1381 3591 1431 3654 in·

130 3694 279 3772 tellectu,
306 3693 503 3775 simulatque
529 3693 705 3775 olympiadi
727 3694 768 3757 93
791 3693 914 3775 Ephori
940 3713 1062 3758 annum
1088 3694 1233 3759 natalem
1255 3692 1432 3774 ascriptum

133 3816 213 3863 esse
235 3797 396 3861 statueris.
442 3796 501 3861 Cui
524 3796 669 3878 opinioni
687 3797 824 3860 verbum
842 3793 877 3882 ἦν
895 3816 963 3861 non
982 3799 1101 3862 obstat.
1137 3797 1262 3875 Quodsi
1281 3797 1432 3878 Ephorus

132 3901 181 3966 ol.
208 3900 267 3964 103
296 3899 511 3981 quadraginta
541 3917 644 3964 annos
673 3903 770 3964 natus
797 3900 915 3977 floruit,
946 3899 989 3964 ad
1015 3901 1079 3965 hoc
1100 3904 1231 3981 tempus
1252 3901 1353 3965 verba
1374 3908 1431 3986 πρὸ

131 4007 190 4088 τῆς
210 4003 359 4068 Φιλίππου
379 4005 528 4090 βασιλείας
546 4003 659 4067 referri
678 4003 809 4079 debent,
831 4021 898 4066 non
918 4003 961 4066 ad
977 4001 1021 4080 id,
1045 4003 1134 4084 quod
1157 4007 1255 4066 antea
1276 4002 1430 4068 hocloco

132 4107 264 4174 dicitur.
299 4105 462 4184 Quoniam
483 4107 570 4170 enim
588 4125 688 4187 supra
706 4105 857 4182 vidimus
878 4124 943 4185 quo
960 4108 1108 4187 tempore
1126 4105 1295 4187 Philippus
1314 4126 1431 4188 regna-

129 4211 230 4289 verit,
247 4211 367 4275 horum
382 4209 528 4274 locorum
545 4209 735 4290 scriptorem
748 4209 900 4286 nescisse,
916 4209 1017 4273 verba
1032 4213 1072 4280 ὼς
1088 4212 1138 4273 καὶ
1152 4256 1158 4271 .
1173 4257 1180 4272 .
1194 4210 1268 4274 εἶναι
1278 4209 1431 4290 ignoran-

130 4316 202 4382 tiae
220 4313 367 4377 eiusdem
382 4313 557 4376 tribuenda
573 4315 657 4378 sunt.
680 4311 752 4375 Duo
765 4311 860 4393 igitur
875 4311 957 4376 haec
971 4311 1158 4376 testimonia
1168 4312 1259 4376 locus
1272 4313 1430 4378 continet:

292 4416 332 4480 A.
367 4412 402 4500 ἦν
426 4414 479 4499 (=
492 4416 648 4500 ἐγεννήθη)
672 4418 719 4480 ἐπὶ
740 4417 791 4499 τῆς
814 4412 872 4500 qp‘
898 4416 1087 4500 ὀλυμπιάδος.

294 4519 331 4583 Β.
366 4514 402 4604 ἦν
425 4510 619 4610 (ετ-ἤκμασε)
647 4522 702 4603 πρὸ
731 4520 785 4602 τῆς
815 4519 963 4583 Φιλίππου
996 4519 1144 4606 βασιλείας
1173 4521 1225 4584 τοῦ
1256 4517 1431 4590 Μακεδόνος

132 4622 204 4689 scil.
230 4627 274 4707 ρκ’
299 4623 463 4708 ὀλυμπιάδι.
