3330 5214
757 405 971 470 „pp-

307 580 350 644 At
378 579 466 643 enim
494 578 572 659 quid
599 577 662 641 loci
689 577 807 642 falsum
836 577 887 654 sit,
918 577 1092 641 diiudicare
1115 575 1245 640 difficile
1268 579 1327 640 est.
1370 577 1520 642 Verbum

221 682 308 746 enim
330 683 446 766 πολλῷ,
470 680 617 762 quamvis
637 681 816 744 absurdum
831 680 988 756 videatur,
1011 683 1122 744 tamen
1138 699 1217 742 num
1233 679 1353 744 salsum
1370 678 1421 757 sit,
1440 679 1518 760 ipso

220 785 292 848 loco
321 785 479 848 incertum
506 783 705 864 relinquitur,
736 784 791 864 qni
820 783 934 847 incerti
960 782 1083 846 habeat
1110 782 1257 846 multum.
1301 783 1414 864 ltaque
1436 787 1519 847 ante

221 886 331 951 omnia
342 886 566 968 quaerendum
583 889 642 963 est,
661 905 740 950 num
756 885 827 951 aliis
843 883 1038 949 testimoniis
1053 886 1155 949 verba
1173 887 1249 950 κατὰ
1266 886 1300 951 δέ
1315 909 1392 957 τινας
1407 887 1520 974 πολλῷ

220 991 415 1078 πρεσβύτερος
448 988 687 1053 confirmentur.
744 987 816 1066 Quo
850 987 937 1052 lacto
970 988 1131 1070 reliquum
1161 987 1221 1052 erit
1251 991 1287 1052 ut
1318 1007 1518 1070 quaeramus

220 1092 299 1174 quid
321 1092 383 1156 sibi
403 1092 503 1156 velint
524 1092 624 1156 verba
646 1093 694 1156 ἐπὶ
714 1093 773 1156 τῶν
796 1091 958 1175 Περσικῶν,
980 1094 1051 1155 tum
1066 1090 1109 1154 ad
1126 1109 1224 1172 quem
1243 1091 1360 1156 aetatis
1376 1092 1519 1173 gradum

220 1194 377 1258 hocloco
399 1195 535 1259 verbum
557 1195 671 1277 γέγονε,
693 1193 736 1258 ad
758 1212 856 1274 quem
872 1193 1010 1256 verbum
1025 1189 1060 1278 ἦν
1076 1193 1282 1258 referendum
1299 1194 1350 1271 sit,
1374 1194 1518 1275 demque

220 1317 300 1361 num
321 1297 397 1360 huic
417 1296 490 1361 loco
513 1297 633 1361 similes
656 1295 745 1378 apud
761 1295 897 1360 Suidam
920 1294 1132 1372 inveniantur,
1154 1316 1213 1378 per
1230 1315 1313 1378 quos
1329 1296 1518 1362 existimare

220 1400 315 1464 liceat
336 1399 444 1464 locum
466 1399 680 1482 depravatum
703 1417 774 1463 esse
797 1397 907 1462 verbis
929 1401 979 1462 καὶ
1001 1398 1056 1482 γάρ
1079 1399 1188 1480 inepte
1210 1399 1339 1463 additis.
1367 1433 1370 1440 ,

308 1502 464 1567 Confecta
494 1506 605 1567 autem
635 1500 825 1583 quaestione
856 1520 895 1564 ea
926 1520 1035 1565 rerum
1069 1501 1214 1566 condicio
1245 1501 1315 1579 erit,
1348 1505 1384 1566 ut
1413 1499 1519 1569 veiha
1654 1526 1659 1539 ·

221 1607 297 1672 κατὰ
319 1606 353 1670 δι’
374 1629 451 1678 τινας
473 1608 577 1690 πολλῷ
594 1606 791 1692 πρεσβύτερος
814 1603 885 1668 aliis
906 1603 1100 1668 testimoniis
1118 1603 1310 1669 confirmata
1326 1605 1519 1688 accipienda

221 1707 295 1786 sint,
328 1711 365 1772 ut
397 1708 498 1772 verba
528 1709 574 1772 ἐπὶ
607 1710 665 1771 τῶν
694 1707 847 1792 Περσικῶν
881 1706 924 1770 ad
953 1706 1078 1771 nullum
1107 1706 1196 1770 aliud
1224 1710 1353 1789 tempus
1380 1708 1441 1772 nisi
1471 1709 1519 1772 ad

220 1810 335 1875 Xerxis
358 1808 598 1892 expeditionem
620 1809 662 1874 ol.
686 1811 727 1876 75
750 1809 872 1874 factam
894 1809 1006 1874 reterri
1027 1809 1164 1891 possint,
1195 1813 1231 1874 ut
1252 1811 1389 1874 verbum
1410 1813 1519 1894 γέγονε

220 1914 283 1978 hoc
305 1913 378 1978 loco
400 1913 444 1977 ad
465 1932 588 1977 annum
604 1912 759 1990 natalem,
780 1913 918 1976 verbum
934 1909 969 1996 ἦν
984 1911 1028 1976 ad
1045 1912 1162 1976 aetatis
1178 1913 1292 1977 florem
1308 1913 1519 1980 referendum

220 2016 272 2094 sit,
295 2020 332 2080 ut
353 2016 462 2097 inepte
481 2016 523 2080 ab
542 2015 774 2098 interpolatore
791 2015 899 2096 aliquo
916 2034 1033 2096 parum
1049 2014 1146 2078 docto
1163 2034 1201 2080 ac
1216 2015 1398 2097 neglegenti
1414 2019 1519 2083 verba

222 2117 349 2203 καὶγὰρ
377 2118 490 2183 addita
516 2119 590 2196 sini,
620 2118 738 2200 quibus
760 2119 861 2183 verba
883 2117 1036 2182 addenda
1057 2104 1093 2202 ἦν
1116 2119 1243 2183 ἐπὶτῶν
1265 2119 1418 2204 Περσικῶν
1441 2141 1519 2186 cum

223 2222 269 2286 eis
292 2241 376 2304 quae
399 2221 595 2286 antecedunt
618 2222 897 2302 coniungerentur.
940 2220 1026 2284 Nam
1047 2219 1252 2301 reperiuntur
1274 2222 1362 2303 apud
1379 2222 1519 2288 Suidam

221 2324 315 2388 multi
351 2323 392 2387 de
427 2327 535 2388 aetate
568 2323 645 2400 loci,
682 2324 737 2406 qui
767 2344 785 2388 e
815 2324 954 2388 duorum
982 2326 1151 2388 auctorum
1178 2323 1372 2388 testimoniis
1400 2325 1519 2390 vitiose

223 2425 395 2508 compositi
418 2426 492 2490 sint.

308 2529 446 2594 Multum
475 2529 553 2610 quin
583 2528 668 2594 inter
697 2549 733 2594 se
760 2532 911 2610 tempora
938 2528 1068 2607 distent,
1099 2528 1132 2593 in
1161 2529 1278 2610 quibus
1300 2530 1473 2612 Panyassis
1497 2553 1519 2597 a

223 2632 385 2696 veteribus
412 2632 539 2714 positus
566 2636 625 2709 est,
661 2631 801 2698 dubitari
830 2631 952 2712 nequit.
1005 2632 1098 2711 Quae
1125 2633 1211 2696 enirn
1241 2633 1283 2697 de
1309 2632 1519 2715 Panyassidis

223 2737 331 2800 aetate
354 2735 442 2816 apud
463 2738 589 2800 veteres
611 2735 770 2798 dissensio
793 2733 898 2813 fuerit,
921 2735 1106 2800 etiamnunc
1127 2735 1207 2798 satis
1228 2735 1434 2818 perspicuum
1456 2741 1518 2801 est.

222 2838 271 2901 Ac
293 2838 420 2902 duabus
442 2841 571 2902 tantum
592 2838 625 2901 in
648 2837 854 2920 opinionibus
877 2837 1036 2902 dissensio
1059 2841 1215 2902 versatur.
1252 2838 1396 2902 Tertiam
1418 2859 1518 2904 nemo

222 2941 365 3022 protulit.

308 3035 495 3125 Utriusque
514 3043 676 3126 opinionis
707 3044 893 3108 testimonia
925 3047 1053 3108 exstant
1084 3044 1261 3125 complura.
1321 3045 1468 3123 Quorum
1499 3067 1518 3111 9

222 3165 359 3210 numero
376 3147 441 3210 duo
456 3166 542 3211 nunc
559 3147 716 3212 sumimus
732 3147 815 3211 inter
831 3166 867 3210 se
883 3147 1054 3224 contraria,
1074 3167 1092 3210 e
1109 3147 1227 3228 quibus
1244 3147 1518 3226 demonstremus

224 3252 382 3330 quantum
406 3249 602 3314 distantibus
623 3249 796 3332 Panyassis
819 3249 908 3330 apud
929 3252 1056 3314 veteres
1078 3249 1241 3314 aetatibus
1267 3249 1441 3315 attributus
1463 3252 1517 3330 sit,

224 3352 366 3433 quidque
389 3353 430 3417 de
453 3353 628 3418 verborum
650 3357 754 3439 πολλῷ
776 3353 973 3439 πρεσβύτερος
995 3351 1060 3415 fide
1083 3351 1125 3415 sit
1147 3352 1365 3416 iudicandum.
1409 3353 1518 3418 Testi-

223 3454 369 3518 monium
398 3454 537 3518 alterum
566 3458 615 3519 est
645 3456 686 3520 de
714 3455 921 3536 Panyassidis
948 3474 1044 3531 nece,
1081 3454 1220 3518 alterum
1250 3456 1291 3519 de
1320 3456 1517 3521 Antimacho

223 3555 430 3638 Panyessidis
454 3577 557 3621 serve.

309 3659 482 3739 lncipimus
505 3661 547 3725 ab
570 3660 634 3724 hoc
650 3660 847 3736 testimonio,
871 3660 959 3742 quod
978 3660 1039 3724 etsi
1057 3679 1124 3722 non
1142 3660 1281 3724 traditur
1299 3661 1375 3742 quin
1393 3661 1517 3744 impro-

223 3763 319 3826 betur
342 3782 380 3826 ac
402 3763 593 3845 corrigatur,
622 3766 734 3827 tamen
755 3767 934 3828 correctum
957 3762 1095 3827 eandem
1118 3762 1160 3826 de
1181 3762 1387 3844 Panyassidis
1409 3767 1519 3829 aetate

225 3864 411 3946 opinionem
432 3865 569 3946 praebet
592 3885 691 3947 quam
707 3865 939 3947 improbatum,
962 3865 1049 3929 unde
1068 3868 1204 3947 apparet
1222 3885 1321 3946 quarn
1337 3865 1518 3931 inveterata

223 3967 278 4031 illa
312 3968 420 4048 opinio
454 3969 559 4034 fuerit.
611 3970 715 4034 Locus
745 3970 833 4050 apud
864 3969 999 4033 Suidam
1030 3987 1055 4031 s.
1078 3989 1108 4032 v.
1131 3967 1317 4032 Antimachi
1346 3967 1518 4032 invenitur.

223 4070 332 4134 Verba
354 4070 436 4136 haec
458 4076 546 4136 sunt:
577 4074 650 4145 τινὲς
673 4075 778 4138 δὲκαὶ
801 4073 916 4156 οἰκέτην
939 4073 1026 4136 αὐτὸν
1051 4071 1243 4158 (Αντίμαχον)
1266 4073 1434 4157 ἀνέγραψαν
1457 4072 1519 4136 Ποι-
1654 4124 1659 4137 .

144 4182 148 4189 “
223 4170 356 4245 νυὰσιδος
393 4179 445 4239 τοῦ
478 4177 612 4259 ποιητοῦ·
646 4173 721 4240 πάνυ
760 4173 947 4262 ψευσάμενοι·
982 4171 1017 4258 ἦν
1056 4177 1111 4259 γὰρ
1152 4175 1243 4239 αὐτοῦ
1282 4175 1429 4258 ἀκουστὴς
1468 4177 1520 4238 καὶ

224 4275 452 4364 Στησιμβρότου.

310 4379 358 4443 119
380 4379 587 4460 Panyassidis
616 4382 723 4444 aetate
752 4380 842 4444 locus
871 4380 1095 4444 testimonium
1122 4380 1265 4444 continet
1291 4379 1416 4460 triplex.
1460 4378 1521 4444 llle

225 4480 312 4546 enim
334 4481 433 4545 fuisse
457 4481 572 4545 dicitur
594 4501 660 4546 non
684 4483 789 4547 solum
810 4481 997 4547 Antimachi
1020 4483 1170 4547 dominus
1192 4486 1249 4547 aut
1271 4482 1434 4563 magister,
1458 4483 1522 4547 sed

226 4585 325 4649 etiam
360 4584 567 4648 Stesimbroti
603 4585 758 4666 aeqtralis.
821 4588 968 4665 Quarum
1006 4586 1195 4666 opinionum
1229 4585 1310 4650 sicut
1342 4583 1521 4650 manifesto
