3330 5214
805 413 1016 476 „53-

353 587 452 669 Apud
473 585 715 650 Artemidorum
737 584 770 648 in
792 602 912 665 magno
934 583 1061 647 honore
1084 584 1142 646 est.
1188 581 1348 646 Omnibus
1375 581 1462 645 enim
1484 581 1567 645 locis

271 711 343 755 cum
366 689 463 754 laude
485 687 679 754 nominatur.
724 687 773 750 Ac
804 685 904 750 semel
933 684 1010 766 ipsis
1032 684 1139 750 verbis
1159 684 1333 766 Panyassis
1363 684 1569 748 somniorum

268 793 426 874 interpres
455 790 570 856 dicitur
600 792 649 871 καί
675 792 904 874 Ιγνωριμώτωτος
934 791 984 854 καὶ
1014 789 1184 873 ἐλλόγιμος,
1218 807 1405 869 quanquam
1434 790 1570 868 praeter
1657 762 1658 820 ί

268 894 521 969 Artemidorum,
544 892 598 974 qui
621 892 723 956 altero
746 911 778 972 p.
802 891 877 957 Chr.
900 893 1030 956 saeculo
1053 889 1145 968 vixit,
1168 893 1201 955 et
1224 890 1359 955 Suidam
1380 908 1478 954 nemo
1503 893 1566 966 est,

270 998 325 1080 qui
346 997 430 1061 illius
452 997 570 1061 librum
592 998 836 1059 commemoret.

356 1099 530 1180 Scripsisse
559 1117 632 1162 eum
664 1096 778 1162 dicitur
806 1096 1030 1178 philosophus.
1080 1096 1152 1176 Hoc
1181 1095 1297 1160 minam
1325 1095 1461 1173 videtur,
1492 1115 1570 1160 cum

269 1203 349 1267 nihil
383 1203 426 1267 ad
456 1201 696 1284 philosophiam
730 1200 891 1282 pertinere
919 1199 1067 1264 videatur
1100 1197 1300 1264 somniorum
1332 1197 1570 1280 interpretatio.
1658 1219 1659 1278 ν

269 1307 336 1372 Sed
355 1306 419 1371 alia
437 1325 524 1370 nunc
542 1302 769 1386 philosophiae
787 1301 919 1368 nomine
938 1302 1265 1382 comprehenduntur,
1284 1301 1347 1366 alia
1362 1301 1572 1383 temporibus
1658 1299 1659 1374 ἶ

269 1409 503 1490 imperatorum
520 1407 745 1470 Romanorum
764 1424 803 1470 ac
821 1407 946 1487 postea.
985 1405 1070 1470 lum
1090 1404 1186 1481 enim,
1208 1424 1282 1468 cum
1300 1403 1361 1486 ipsi
1379 1404 1571 1486 philosophi

271 1511 400 1592 saepius
428 1511 472 1575 ad
498 1508 734 1590 superstitionis
763 1512 796 1573 et
822 1507 939 1572 artium
968 1508 1167 1589 magicarum
1189 1507 1296 1572 studia
1318 1507 1573 1584 descenderunt,

271 1614 353 1678 haec
373 1631 502 1694 quoque
519 1611 626 1676 studia
644 1610 870 1692 philosophiae
886 1610 1019 1684 nomine
1034 1609 1294 1691 appellabantur,
1310 1613 1348 1674 ut
1363 1610 1431 1692 ipse
1449 1609 1573 1674 Suidas

271 1735 426 1797 magnum
447 1714 718 1796 philosophorum
740 1732 911 1778 numerum
933 1717 1178 1790 commemorat,
1205 1713 1260 1795 qui
1282 1713 1324 1777 de
1345 1712 1572 1794 prodigiorum
1659 1769 1660 1794 ,

269 1817 534 1899 interpretatione
553 1818 610 1880 aut
628 1815 698 1881 aliis
713 1816 811 1880 rebus
829 1815 970 1897 mysticis
987 1815 1089 1880 libros
1101 1816 1267 1898 scripsisse
1285 1817 1439 1882 ferantur.
1475 1815 1573 1894 Quae

272 1921 420 2002 exempla
452 1919 568 1996 inveni,
598 1919 710 1984 affero.
762 1918 883 1983 Dicitur
911 1918 1082 1984 Africanus
1112 1919 1144 1985 in
1173 1919 1256 1984 libro
1287 1922 1386 1985 κεστοί
1414 1919 1573 2000 inscripto

271 2025 426 2087 tractasse
445 2025 479 2087 ἐκ
497 2023 594 2105 λόγων
616 2025 720 2087 τεκαὶ
743 2023 890 2087 ἐπαοιδῶν
912 2024 962 2086 καὶ
983 2024 1120 2106 γραπτών
1144 2047 1228 2088 τινων
1246 2025 1446 2110 χαρακτήρων
1467 2015 1571 2101 ἰάσεις,

272 2125 364 2190 Philo
388 2124 506 2190 libmm
528 2125 690 2206 scripsisse
708 2127 776 2210 περὶ
794 2127 926 2209 ὀνείρων,
949 2125 1168 2207 Hermagoras
1187 2128 1253 2211 περὶ
1271 2121 1451 2212 donnoniae,
1475 2125 1575 2190 Theo

271 2232 338 2313 napi
361 2230 491 2314 σημείων
514 2232 563 2294 καὶ
586 2229 697 2312 σκοπῆς
719 2218 832 2313 ’ὅρντων
855 2231 977 2312 καὶτῆς
999 2231 1136 2313 κοράκων
1159 2234 1271 2316 φωνῆς,
1300 2229 1433 2310 Pappus
1460 2231 1574 2313 ὀνειρο-
1660 2287 1661 2292 ,

271 2335 393 2418 κριτικαί,
416 2331 568 2414 Syrianus
590 2332 632 2396 de
650 2331 813 2396 vaticiniis
846 2331 961 2412 Neque
977 2334 1086 2397 autem
1102 2332 1280 2414 quidquam
1296 2333 1440 2408 interest,
1458 2334 1574 2395 utrum

272 2435 305 2498 hi
320 2435 392 2499 libri
403 2433 532 2516 genuini
544 2454 657 2498 omnes
668 2434 786 2499 fuerint
801 2453 913 2498 necne.
935 2434 1018 2499 Nam
1037 2435 1133 2500 etiam
1145 2435 1171 2500 si
1187 2435 1243 2517 qui
1259 2436 1389 2500 fuerunt
1399 2433 1574 2516 suppositi,

272 2541 383 2601 tamen
406 2537 449 2614 id,
473 2537 562 2618 quod
584 2537 835 2602 demonstraturi
857 2557 977 2615 samua,
1001 2541 1123 2602 certum
1147 2541 1208 2604 est:
1232 2539 1328 2603 fuisse
1346 2537 1400 2618 qui
1423 2537 1575 2618 philoso-

272 2640 413 2720 phomm
431 2659 501 2704 esse
523 2640 755 2704 arbitrarentur
778 2639 936 2705 eiusmodi
957 2640 1056 2705 libros
1078 2641 1226 2707 scribere.
1264 2642 1331 2706 Sed
1353 2639 1431 2722 quid
1453 2641 1574 2721 plura?
1661 2719 1662 2724 ρ

272 2743 309 2806 In
327 2741 397 2822 ipso
408 2742 559 2824 Hesychii
575 2743 814 2823 onomatologo,
831 2762 929 2823 quem
941 2743 1073 2824 quidem
1085 2743 1200 2808 Suidas
1212 2745 1338 2822 reddat,
1353 2743 1411 2807 viri
1424 2743 1574 2808 celebres
1661 2733 1662 2738 ’

272 2845 318 2908 ita
330 2845 489 2909 distributi
501 2849 586 2923 sunt,
600 2850 636 2909 ut
648 2845 681 2909 in
692 2845 959 2927 philosophorum
975 2865 1111 2910 numero
1125 2847 1435 2928 pseudophilosophi
1453 2866 1575 2910 omnes

273 2947 465 3011 habeantur.
517 2947 738 3026 Quamobrem
764 2947 851 3028 apud
876 2947 1030 3025 Suidam,
1058 2949 1240 3031 quicunque
1274 2949 1307 3013 in
1341 2949 1572 3031 mysteriorum

273 3054 329 3114 aut
358 3049 577 3132 prodigiorum
608 3050 720 3114 studiis
749 3050 866 3113 versati
896 3054 984 3128 sunt,
1015 3055 1172 3130 vocantur
1204 3052 1398 3134 philosophi.
1456 3052 1576 3132 ltaque

275 3153 551 3233 quemadmodum
579 3153 755 3236 mystagogi
783 3152 974 3232 Apollonius
1001 3154 1167 3236 Tyaneus,
1194 3155 1369 3236 Arignota,
1404 3153 1576 3230 PetosiriS,

274 3255 400 3333 Saudo,
435 3255 574 3320 Sotades
602 3254 811 3319 Atheniensis
844 3255 1028 3336 philosophi
1057 3261 1228 3335 vocantur,
1266 3259 1312 3322 ita
1349 3257 1576 3338 prodigiorum

274 3358 465 3439 interpretes
477 3359 637 3439 Tyrannio
657 3363 689 3422 et
706 3357 929 3447 Artemidoms
941 3357 964 3442 ¹)
983 3357 1081 3436 idem,
1101 3360 1155 3442 qui
1173 3361 1349 3442 Panyassin
1367 3359 1575 3425 somniorum

274 3461 483 3541 interpretem
522 3464 764 3524 commemorat.
821 3461 930 3541 Atque
964 3461 1101 3525 eandem
1135 3464 1178 3527 ob
1213 3483 1344 3528 causam
1376 3461 1576 3547 Arignota2)

275 3551 436 3646 scripsisse
459 3563 574 3628 dicitur
595 3566 714 3634 τελετὰς
737 3565 879 3629 Διονύσου
902 3567 953 3629 καὶ
975 3555 1052 3629 ἄλλα
1075 3567 1236 3653 φιλόσοφον.

361 3665 523 3744 Quoniam
545 3666 639 3747 igitur
660 3667 829 3748 Panyassis
850 3670 1024 3748 propterea
1045 3668 1258 3750 philosophus
1284 3669 1465 3751 appellatus
1489 3689 1577 3746 esse,

276 3770 364 3850 quod
396 3770 437 3833 de
466 3769 598 3833 somniis
626 3771 744 3836 librum
773 3769 911 3850 scripsit,
947 3773 979 3835 et
1008 3775 1116 3851 potest
1145 3775 1177 3836 et
1205 3772 1345 3850 videtur,
1384 3771 1576 3854 philosophi

276 3871 450 3953 appellatio
473 3872 567 3944 nobis
588 3873 820 3953 impedimento
843 3893 910 3938 non
933 3876 981 3937 est
1004 3873 1175 3954 quominus
1196 3876 1372 3957 Panyassin
1400 3875 1577 3952 minorem,

275 3975 301 4038 si
324 3974 387 4038 alia
408 3983 478 4039 rem
496 3975 675 4056 postulant,
698 3995 718 4038 a
739 3975 935 4059 Panyasside
953 3979 1052 4058 poeta
1074 3977 1267 4042 disiunctum
1291 3999 1330 4042 ex
1353 3997 1457 4060 eoque
1478 3977 1577 4058 quasi

277 4078 506 4160 depromptum
532 4078 718 4143 iudicemus.
767 4080 798 4143 A
827 4080 898 4144 sola
927 4079 1013 4143 enim
1042 4080 1227 4161 philosophi
1257 4080 1473 4162 appellatione
1504 4079 1576 4143 dis-

277 4181 397 4244 crimen
418 4181 548 4262 pendet,
572 4182 661 4263 quod
683 4182 766 4246 inter
788 4183 1000 4265 Panyassides
1022 4186 1155 4264 poetam
1174 4186 1206 4248 et
1224 4183 1454 4265 philosophum
1471 4180 1577 4245 inter-

277 4284 392 4348 cedere
414 4283 549 4362 videtur,
573 4284 613 4349 de
637 4304 701 4365 quo
724 4289 853 4365 praeter
871 4285 1057 4366 philosophi
1077 4305 1198 4350 nomen
1215 4286 1294 4350 nihil
1313 4286 1470 4363 tradatur,
1493 4285 1580 4366 quin

365 4437 386 4506 ¹)
413 4439 485 4492 Suid.
511 4456 532 4492 s.
555 4456 579 4491 v.
602 4435 795 4508 Ἀρτεμίδωρος
819 4480 825 4491 .
846 4479 878 4492 ..
903 4441 1049 4509 φιλόσοφος·
1074 4440 1182 4511 typam
1207 4440 1388 4508 ὀντιροκριτικὰ
1414 4439 1440 4490 ἐν
1466 4438 1578 4511 βιβλίοις

277 4522 295 4576 δ’
318 4524 507 4578 otorano-acutat
524 4526 568 4577 καὶ
586 4525 778 4598 χειροσκοτίικά.

363 4610 386 4677 ²)
414 4612 486 4666 Suid.
506 4629 527 4664 s.
545 4627 571 4662 v.
