3330 5214
615 423 827 487 ..49-

164 595 210 658 De
243 595 435 676 cognatione
468 595 675 677 Panyassidis
710 599 742 660 et
774 595 935 661 Herodoti
968 596 1086 661 Suidas
1127 596 1215 660 solus
1257 600 1371 662 auctor

88 702 187 762 noster
218 701 277 774 est,
308 698 455 779 quirem
479 718 504 761 s
526 719 556 761 ν.
581 699 729 770 Πανύασις
751 702 995 762 commemorat.
1046 698 1168 762 Locum
1190 717 1371 781 sanequam

89 821 175 882 saepe
196 801 330 864 allatum
353 805 464 866 tamen
486 801 532 865 ita
553 803 589 864 ut
612 800 771 864 dubitatio
794 799 883 864 nulla
911 804 1109 878 remaneret,
1136 801 1244 866 adbuc
1271 821 1370 866 nemo

87 904 233 968 tractavit.
280 903 343 981 Qui
365 904 452 968 enim
473 908 597 968 rectam
617 903 705 966 viam
727 902 862 983 ingressi
885 907 976 979 sunt,
1006 922 1063 968 eos
1085 904 1184 968 ceteri
1205 923 1273 968 non
1295 906 1370 968 sunt

88 1006 186 1070 secuti.
241 1007 354 1087 Itaque
387 1007 477 1071 locus
510 1006 697 1070 etiamnunc
728 1004 806 1069 vitio
840 1005 1013 1070 manifesto
1043 1010 1214 1088 corruptus
1244 1007 1369 1089 legitur.

87 1108 210 1172 Tradita
232 1109 334 1173 verba
355 1110 438 1174 haec
460 1113 551 1173 sunt:

159 1209 321 1297 Ἰστόρηται
344 1215 377 1277 δὲ
400 1213 547 1283 Πανύασις
565 1207 733 1295 Ἡροδότου
756 1216 808 1276 τοῦ
831 1214 975 1297 ἱστορικοῦ
995 1215 1165 1300 ἐξάδελφος.
1188 1214 1297 1298 Γέγονε
1315 1216 1369 1297 γάρ

87 1315 225 1386 Πανύασις
259 1316 453 1402 Πολυάρχου,
487 1317 503 1380 ό
534 1316 567 1379 δὲ
594 1310 760 1399 Ἡρόδοτος
789 1315 895 1394 Λόξου,
928 1319 980 1379 τοῦ
1010 1317 1189 1404 Πολυάρχου
1224 1319 1368 1404 ἀδελφοῦ·

87 1419 149 1487 τινὲς
170 1419 204 1482 δὲ
229 1417 263 1484 οὐ
288 1419 393 1502 Λόξην,
418 1420 495 1483 ἀλλὰ
511 1413 607 1484 Ῥοιὼ
630 1422 682 1503 τὴν
706 1419 818 1503 μητέρα
836 1413 1005 1502 Ἡροδότου
1029 1419 1214 1492 Πανυάσιδος
1237 1422 1370 1506 ἀδελφὴν

87 1521 241 1604 ἱστόρησαν.
317 1595 320 1600 ,

163 1623 315 1705 Singulae
338 1623 417 1705 quid
438 1624 499 1688 loci
521 1629 632 1706 partes
655 1625 717 1688 sibi
733 1624 843 1700 velint,
867 1623 1002 1688 dubium
1017 1642 1085 1688 non
1102 1627 1160 1688 est.
1194 1625 1268 1689 Alia
1284 1625 1371 1689 enim

86 1727 248 1790 verborum
269 1726 492 1808 interpretatio
509 1727 599 1791 nulla
616 1726 743 1791 admitti
758 1726 821 1790 nisi
837 1726 920 1790 haec
935 1729 1058 1808 potest:
1081 1727 1254 1808 Panyassis
1270 1727 1371 1791 fuisse

86 1829 214 1893 traditur
240 1828 400 1893 Herodoti
429 1832 600 1916 ἐξάδελφος.
652 1829 850 1911 Polyarchus
882 1829 968 1893 enim
989 1829 1197 1912 Panyassidis
1224 1834 1318 1911 pater
1340 1833 1372 1894 et

86 1931 178 2013 Lyxes
206 1931 366 1996 Herodoti
395 1936 489 2014 pater
518 1936 612 1997 erant
640 1932 766 1997 fratres.
817 1931 885 1996 Sed
914 1931 1043 1996 suerrmt
1073 1931 1128 2012 qui
1155 1931 1276 2013 Lyram
1306 1932 1371 1996 Pa·

86 2035 235 2114 nyassidis
257 2034 391 2098 fratrem
414 2055 486 2100 esse
503 2041 659 2116 negarent
676 2035 879 2112 Rhoeonem‚
903 2053 987 2116 quae
1003 2033 1162 2098 Herodoti
1180 2035 1371 2112 materfuit,

87 2136 284 2219 Panyassidis
304 2156 450 2203 sororem
469 2138 622 2203 dicentes
656 2138 863 2202 Manifestum
889 2141 937 2202 est
959 2137 1055 2218 igitur
1076 2140 1149 2209 τινὲς
1169 2141 1202 2202 δὲ
1221 2139 1255 2202 οὐ
1277 2139 1371 2220 Adigo

92 2245 146 2303 κτλ.
163 2239 263 2306 verba
285 2241 328 2304 ad
351 2260 399 2317 ea,
423 2259 507 2322 quae
530 2241 736 2318 antecedunt,
760 2259 826 2304 non
848 2240 1019 2321 quadrare.
1055 2239 1140 2304 Nam
1157 2240 1269 2321 Lyxes,
1288 2258 1370 2321 quo·

88 2343 166 2406 niam
196 2343 326 2407 fuerunt
356 2344 410 2424 qui
439 2344 646 2426 Panyassidis
684 2343 960 2424 consanguineum
989 2341 1146 2429 (ἀδελφόν)
1174 2362 1241 2406 non
1269 2342 1371 2420 illum,

89 2446 139 2509 sed
158 2445 342 2511 Rhoionem
365 2445 517 2523 dicerent,
542 2450 640 2512 antea
658 2446 867 2528 Panyassidis
889 2450 983 2528 pater
1005 2445 1067 2509 dici
1085 2446 1236 2511 debebat.
1272 2445 1371 2511 Cuius

89 2548 128 2610 rei
149 2568 219 2613 cum
243 2552 342 2614 antea
363 2549 485 2614 mentio
508 2549 567 2614 fiat
588 2549 686 2626 nulla,
708 2549 817 2614 locum
838 2549 916 2612 vitio
937 2548 1046 2629 aliquo
1066 2548 1280 2629 depravatum
1299 2568 1371 2613 esse

90 2655 215 2731 oportet.

165 2754 260 2832 Quod
289 2773 364 2818 cum
392 2773 489 2818 nemo
521 2773 588 2818 non
617 2755 737 2831 videat,
767 2755 875 2818 locum
902 2773 999 2818 nemo
1023 2755 1170 2819 tractavit
1194 2755 1272 2835 quin
1294 2775 1369 2819 eum

91 2857 252 2922 emendare
283 2862 464 2922 conaretur.
515 2857 564 2921 Ac
594 2856 713 2939 duplici
741 2857 873 2938 quidem
901 2856 1001 2921 modo
1031 2856 1094 2921 hoc
1121 2861 1283 2922 tentatum
1311 2862 1369 2922 est.

90 2958 178 3023 Alteri
192 2961 214 3044 ¹)
253 2961 339 3024 eninr
371 2960 484 3024 vitium
514 2961 547 3024 in
573 2960 682 3024 verbis
711 2961 894 3031 Πανυάσιδος
922 2961 1055 3046 ἀδελφήν
1091 2959 1191 3024 latere
1223 2960 1371 3024 arbitrati

90 3061 258 3150 Πολυάρχου
282 3065 415 3150 ἀδελφήν
437 3063 489 3127 vel
510 3065 723 3148 ποτροιδελφήν
746 3062 872 3127 restitui
888 3064 1068 3128 voluerunt.
1101 3063 1204 3128 Alteri
1214 3060 1240 3145 ²]
1256 3063 1370 3127 vitium

89 3169 155 3243 post
174 3167 274 3231 verba
295 3169 369 3238 τινὲς
392 3166 417 3231 δ’
442 3168 476 3230 οὐ
494 3165 588 3251 Λόξην
612 3170 806 3248 quaerentes
821 3165 957 3230 verbum
974 3167 1130 3251 ὠνόμασαν
1146 3165 1198 3230 rel
1216 3169 1370 3250 ἱστόρησαν

89 3266 290 3347 addiderunt,
321 3288 386 3351 quo
414 3269 526 3333 addito
554 3269 619 3332 hoc
648 3267 749 3332 verba
778 3268 1008 3349 significarent:
1039 3268 1138 3334 fuisse
1164 3270 1219 3350 qui
1249 3268 1370 3351 Lyram

89 3368 204 3435 silentio
227 3371 532 3453 praetermitterent.

165 3475 276 3552 Nobis,
300 3475 378 3556 quid
400 3474 609 3538 iudicandum
629 3493 701 3538 esse
719 3473 877 3549 videatur,
899 3474 1012 3555 paucis
1028 3474 1136 3538 verbis
1154 3473 1370 3538 demonstrari

88 3578 195 3652 potest.
228 3577 310 3642 (λου
322 3577 408 3642 enim
420 3596 460 3640 ex
471 3577 543 3658 ipso
554 3576 626 3641 loco
640 3576 719 3640 satis
732 3580 818 3640 certe
829 3579 987 3657 appareat
998 3576 1142 3640 diversas
1155 3575 1196 3639 de
1210 3575 1370 3640 Herodoti

89 3678 116 3738 et
131 3677 333 3761 Panyassidis
353 3680 546 3760 cognatione
565 3680 735 3762 opiniones
754 3678 862 3755 fuisse,
886 3679 1004 3759 quibus
1025 3678 1059 3742 id
1079 3698 1250 3744 commune
1270 3680 1369 3744 inter-

89 3779 206 3845 cederet
221 3786 258 3845 ut
277 3781 349 3863 ipsa
367 3783 515 3863 cognatio
534 3787 621 3847 certa
640 3782 844 3857 iudicaretur,
864 3780 981 3844 modus
1000 3782 1200 3862 cognationis
1218 3783 1368 3858 mcertus

87 3882 297 3948 testimonium
315 3885 478 3948 veteribus
495 3885 651 3949 traditum
674 3885 773 3949 fuisse
796 3887 935 3966 oportet,
959 3903 1023 3964 quo
1046 3884 1101 3949 illa
1124 3886 1273 3966 cognatio
1291 3905 1369 3949 con-

88 3986 187 4062 staret,
210 3986 364 4067 quodque
386 3985 451 4051 fide
474 3987 557 4052 adeo
581 3987 713 4068 dignum
735 3988 907 4062 videretur,
938 4007 977 4051 ex
1006 4007 1070 4068 quo
1099 3988 1141 4052 de
1168 3987 1370 4068 cognationis

88 4102 194 4162 genere
218 4089 422 4154 coniecturae
444 4089 569 4154 fierent.
620 4090 656 4153 Id
679 4093 786 4154 autem
810 4089 1031 4152 testimonium
1054 4090 1096 4154 ab
1119 4090 1182 4154 hoc
1204 4090 1274 4171 ipso
1296 4090 1369 4154 loco

88 4183 167 4265 haud
187 4191 301 4272 procul
323 4193 426 4256 abest.
471 4193 553 4272 Ipsis
576 4192 662 4256 enirn
685 4191 791 4255 verbis
816 4193 961 4276 ἱστόρηται
984 4195 1017 4257 δὲ
1040 4193 1188 4264 Πανύασις
1201 4187 1370 4277 Ἡροδότου

91 4442 147 4498 ¹843
167 4359 185 4428 ¹)
211 4363 307 4431 Heyse,
327 4362 436 4429 Quaest.
455 4363 583 4417 Herodot.
603 4379 628 4431 p.
649 4363 694 4426 153
722 4362 838 4426 Funclra
857 4361 931 4415 Neue
948 4363 1041 4417 Jahrb.
1060 4363 1078 4417 f.
1096 4364 1165 4420 Phil.
1182 4381 1209 4418 u.
1227 4365 1308 4418 Paed.
1326 4365 1369 4417 39.

149 4449 380 4598 Ιλ)ΠΊάυΠΠάὶτυοτ,
397 4533 414 4587 l.
440 4550 462 4588 c.
487 4551 512 4603 p.
540 4534 585 4599 13,
611 4538 674 4587 ante
698 4550 780 4602 quem
801 4533 993 4600 Bernhardpus
1016 4539 1043 4590 et
1066 4533 1234 4590 Eclrsteiniua
1255 4535 1368 4588 eandem

89 4613 232 4678 opinionem
249 4618 426 4686 protulerunt.
1224 4631 1226 4635 ·

1108 4706 1126 4758 4
