3330 5214
804 397 1017 459 ..32-

263 567 371 632 verbis
404 567 486 631 haec
517 571 668 648 tempora
697 567 827 648 planius
856 566 1121 647 significarentur.
1179 567 1224 632 At
1254 567 1296 632 de
1325 567 1440 630 Xerxis
1470 567 1558 631 hello

264 670 346 734 alius
375 689 454 749 usus
483 688 556 734 esse
583 673 723 750 poterat.
767 669 840 734 Hoc
868 670 965 745 eninr,
989 689 1063 734 cum
1084 669 1245 734 bellorum
1274 670 1359 733 inter
1379 669 1497 734 Persas
1527 675 1559 734 et

264 772 405 838 Graecos
437 777 604 853 gestorum
635 771 732 852 longe
764 773 943 836 maximum
983 772 1080 836 hierit
1113 778 1146 836 et
1178 771 1401 852 magnitudine
1433 772 1559 853 reliqua

263 875 359 938 nimis
381 873 581 956 superaverit
603 893 704 955 quam
724 877 761 938 ut
783 874 917 955 aequari
938 894 1013 938 cum
1034 875 1072 940 iis
1094 879 1217 956 posset,
1248 874 1371 938 bellum
1392 874 1558 938 Persicum

264 977 438 1058 praecipue
467 977 702 1058 appellabatur.
756 977 866 1054 Quare
887 977 955 1042 fieri
979 977 1084 1058 potuit
1104 981 1142 1041 ut
1164 977 1207 1040 ad
1229 977 1293 1040 hoc
1313 976 1437 1040 bellum
1459 977 1558 1056 signi-

263 1078 429 1144 ficandum
451 1079 558 1144 solum
579 1081 716 1145 verbum
737 1084 774 1144 τὰ
796 1082 927 1163 Περσικοὶ
949 1080 1113 1144 sufficeret
1132 1100 1240 1160 neque
1260 1079 1440 1160 quidquam
1457 1080 1558 1144 inter-

265 1185 365 1259 esset,
401 1186 510 1246 utrum
546 1203 613 1260 res,
646 1183 688 1248 de
716 1203 782 1264 qua
810 1183 900 1248 locus
930 1187 1031 1259 essct,
1065 1203 1139 1246 cum
1166 1181 1221 1246 illo
1252 1183 1339 1246 hello
1369 1182 1560 1247 cohaereret

264 1304 377 1349 necne.
421 1285 570 1350 Eundem
596 1285 659 1366 ipsi
688 1305 785 1348 usum
814 1286 1027 1350 observamus
1053 1285 1272 1350 revolutiones
1295 1305 1380 1367 quae
1401 1291 1560 1350 vocantur

264 1407 373 1452 rerum
383 1387 697 1468 Franoogallioarum
714 1387 927 1468 appellantes
957 1388 1046 1452 Nam
1063 1389 1125 1452 etsi
1141 1388 1324 1468 complures
1334 1392 1558 1465 numerantur,

263 1494 376 1552 tamen
405 1489 476 1554 sola
505 1489 723 1571 appellatione
759 1490 967 1555 revolutionis
1003 1491 1263 1572 Franoogallicae
1297 1491 1422 1554 nullam
1459 1491 1560 1555 aliam

264 1594 482 1674 significamus
510 1593 574 1656 nisi
603 1594 749 1656 omnium
778 1594 955 1658 maximam
984 1613 1091 1675 neque
1112 1595 1211 1658 aliam
1233 1592 1376 1674 intellegi
1397 1594 1558 1670 volumus,

265 1697 342 1778 quin
372 1716 446 1760 eam
474 1694 594 1758 additis
620 1695 729 1760 verbis
754 1695 806 1759 vel
833 1699 903 1759 toto
926 1697 998 1760 loco
1020 1697 1149 1777 planius
1171 1695 1399 1776 significemus.
1444 1696 1559 1778 ltaque

263 1799 400 1863 verbum
428 1801 465 1862 τὰ
487 1800 628 1882 Περσικά,
657 1797 841 1879 ubicunque
869 1803 1028 1880 tanquam
1050 1800 1128 1863 certi
1150 1799 1229 1862 anni
1249 1818 1405 1862 numerus
1427 1805 1559 1881 ternpus

264 1921 372 1966 rerum
402 1900 569 1981 significat,
600 1920 684 1982 quae
714 1901 794 1964 nihil
823 1901 867 1966 ad
892 1921 945 1965 res
966 1902 1114 1966 Persicas
1135 1902 1330 1983 pertineant,
1360 1901 1404 1964 ad
1432 1901 1560 1966 nullum

264 2003 364 2068 alliud
378 2008 510 2084 tempus
526 2003 589 2066 nisi
605 2003 648 2066 ad
659 2003 774 2068 Xerxis
792 2004 1030 2085 expeditionem
1047 2005 1186 2069 relatum
1202 2024 1274 2068 esse
1290 2008 1401 2085 potest
1418 2004 1459 2068 ol.
1473 2005 1526 2068 75.
1542 2007 1556 2068 1

265 2111 461 2187 susceptam.
1102 2117 1106 2122 '

351 2210 552 2291 Scriptorum
580 2229 676 2274 usum
706 2209 750 2274 ad
779 2230 829 2287 ea,
857 2230 942 2291 quae
978 2210 1217 2291 explicavimus,
1245 2209 1447 2290 respondere
1476 2209 1561 2274 haec

265 2312 414 2394 exempla
436 2313 585 2378 doceant.

392 2415 431 2478 A.
469 2417 496 2478 1.
530 2416 631 2480 Thuc.
655 2415 678 2491 I,
702 2416 753 2480 73.
776 2416 812 2478 X:
834 2417 871 2480 τὰ
894 2419 927 2480 δὲ
950 2415 1071 2499 Μηδικὰ
1093 2419 1142 2480 καὶ
1166 2405 1223 2480 ὅσα
1246 2417 1330 2480 αὐτοὶ
1351 2417 1459 2488 ξόνιστε

264 2519 377 2601 ἀνάγκη
400 2519 505 2597 λέγειν.
549 2518 621 2581 Hoc
642 2518 714 2582 loco
736 2519 873 2584 verbum
894 2522 930 2582 τὰ
954 2517 1075 2602 Μηδικά
1096 2519 1139 2582 ad
1162 2518 1383 2600 expeditiones
1406 2518 1504 2582 Darei
1528 2523 1560 2582 et

263 2619 378 2684 Xerxis
389 2620 501 2684 referri
512 2625 631 2702 potest,
649 2641 724 2685 cum
734 2621 844 2702 paullo
856 2627 941 2703 post,
959 2622 1016 2686 ubi
1028 2623 1144 2686 eadem
1160 2642 1213 2686 res
1230 2621 1412 2703 exponitur,
1428 2640 1561 2702 pugnae

264 2722 352 2803 apud
374 2722 569 2786 Marathona
591 2728 624 2788 ct
646 2724 734 2805 apud
757 2724 924 2788 Salamina
946 2725 1140 2788 commissae
1161 2725 1379 2788 nominentur.

392 2825 431 2887 A.
465 2826 495 2888 2.
530 2826 637 2892 Schol.
667 2826 711 2890 ad
740 2826 909 2891 Demosth.
939 2827 1004 2904 vll,
1038 2829 1051 2890 l
1084 2827 1258 2910 (76.4)ε1)
1293 2826 1373 2892 ἔοικε
1404 2829 1437 2892 δὲ
1464 2830 1561 2892 ταῦτα

263 2930 336 3010 πρὸς
358 2929 394 2990 τὰ
417 2929 548 3012 Περσικὰ
570 2929 649 3014 ἔχειν
671 2933 723 3014 τὴν
746 2932 909 3016 ἀναφοράν·
933 2933 977 2995 διὸ
1001 2933 1051 2995 καὶ
1070 2933 1177 3017 φθάνει
1192 2933 1225 2994 τὸ
1243 2934 1336 2994 δεινὸν
1354 2923 1388 2994 ἂν
1406 2931 1463 3014 εἴη.
1484 2932 1558 2995 οἷον·

265 3031 319 3093 οὐκ
349 3032 545 3118 ἐφοβήθησαν
575 3032 668 3095 αὐτοῦ
697 3034 824 3115 Δαρείου
853 3036 890 3098 τὰ
918 3036 1077 3118 γράμματα
1105 3035 1167 3097 οὐδ’
1196 3023 1216 3097 ἃ
1249 3033 1406 3097 ἐπέστελλε
1436 3034 1559 3119 Ξέρξης,

265 3133 330 3198 ἀλλ’
353 3131 483 3219 ἀνῄρουν
506 3137 574 3205 τοὺς
596 3122 730 3216 ἥκοντας.
763 3135 835 3202 Hoc
857 3137 929 3200 loco
952 3157 1026 3200 cum
1048 3139 1352 3212 commemorentur,
1376 3154 1461 3216 quae
1485 3155 1561 3200 cum

265 3235 469 3317 expeditione
486 3237 583 3302 Darei
604 3237 682 3302 item
704 3241 802 3320 atque
818 3238 932 3303 Xerxis
955 3239 1161 3316 cohaereant,
1185 3239 1227 3304 ad
1250 3238 1310 3302 has
1334 3238 1560 3320 expeditiones

264 3339 400 3403 vorhtun
421 3341 458 3403 τὰ
480 3341 610 3422 Περσικά
633 3345 767 3421 spectat.

394 3442 431 3506 B.
465 3443 597 3519 Locum,
621 3462 685 3525 quo
708 3445 809 3508 verbo
831 3445 1015 3529 ratispona
1037 3447 1167 3525 tempus
1183 3464 1312 3525 pugnae
1332 3444 1560 3508 Marathoniae

264 3545 370 3609 solum
392 3545 597 3626 significetur,
620 3547 729 3612 inveni
749 3546 884 3612 nullum.

394 3647 428 3712 C.
462 3649 724 3731 Appellationem
754 3649 830 3713 belli
856 3649 976 3714 Persici
1004 3650 1170 3731 propriam
1200 3649 1300 3714 fuisse
1327 3649 1442 3713 Xerxis
1470 3649 1559 3726 belli,

264 3751 356 3830 quasi
379 3751 486 3814 solrnn
508 3772 547 3816 ea
570 3752 703 3833 dignum
726 3757 821 3828 esset,
845 3772 884 3816 ex
906 3753 957 3815 his
979 3752 1058 3816 locis
1081 3756 1227 3833 apparet.

354 3854 379 3917 l.
414 3854 509 3919 lsoer.
540 3854 678 3919 Panath.
709 3855 765 3919 17:
798 3856 898 3940 χρόνῳ
928 3857 961 3919 δὲ
980 3844 1112 3939 όστερον
1140 3857 1299 3940 γενομένου
1328 3858 1380 3920 του
1408 3857 1561 3939 Περσικοῦ

263 3957 395 4040 πολέμου
419 3961 468 4020 καὶ
490 3957 615 4040 Ξέρξους
638 3962 689 4021 τοῦ
709 3958 779 4020 ,τότε
802 3959 1006 4042 βασιλεύοντος
1028 3961 1152 4042 τριήρεις
1175 3961 1227 4043 μὲν
1251 3959 1560 4041 συναγαγόντος

350 4059 380 4122 X.
414 4059 510 4122 Isocr.
533 4059 616 4122 Plat.
640 4060 697 4122 23:
731 4062 781 4123 καὶ
809 4062 865 4142 γὰρ
892 4063 961 4131 τοὺς
989 4063 1151 4146 ἡμετέρους
1179 4064 1340 4146 προγόνους
1368 4064 1456 4147 φασὶν
1485 4064 1562 4126 ἐκλι-

265 4163 378 4226 πόντων
401 4163 458 4226 τῶν
482 4163 631 4246 ὑμετέρων
653 4163 788 4245 πατέρων
812 4165 907 4248 ἐντῷ
930 4165 1067 4250 Περσικῷ
1091 4165 1214 4248 πολέμῳ
1237 4164 1344 4246 ταύτην
1367 4167 1420 4248 τὴν
1442 4167 1560 4250 χώραν.

351 4266 380 4328 3.
419 4265 513 4328 Dion.
547 4263 621 4331 Hal.
655 4265 696 4328 de
729 4265 830 4329 Thuc.
864 4265 929 4330 iud.
965 4267 1028 4350 (ed.
1059 4267 1197 4348 Krsrger,
1227 4287 1259 4348 p.
1295 4267 1382 4350 185):
1424 4269 1495 4338 τοὺς
1528 4270 1562 4332 δὲ

265 4369 482 4452 προελομένους
516 4370 567 4449 τήν
596 4392 629 4430 τε
658 4371 761 4454 χώραν
797 4371 846 4433 καὶ
881 4373 932 4454 τὴν
962 4371 1044 4448 πόλιν
1075 4372 1201 4434 ἐκλιπεῖν
1231 4372 1307 4433 κατὰ
1335 4373 1384 4434 τόν
1415 4371 1563 4455 Περσικὸν

194 4471 196 4475 ’
264 4471 393 4552 πόλεμον
415 4468 603 4551 Ἀθηναίους.

292 4651 296 4658 .
351 4605 372 4671 ¹)
400 4606 650 4672 εά.1)ἰηᾶοτΐ,νολ.
672 4607 738 4672 Vlll,
758 4624 784 4675 p.
805 4609 863 4660 171.
