3330 5214
105 603 222 685 quidem
242 606 339 668 natus
361 603 489 668 videtur
509 622 588 667 esse.
622 601 844 666 Habuerintne
862 621 940 668 vero
956 603 1089 668 omnino
1106 607 1243 682 veteres,
1266 625 1305 671 ex
1322 626 1387 688 quo

104 707 249 771 Herodoti
271 708 402 787 tempus
422 705 532 769 natale
554 704 732 770 accuratius
755 704 987 786 intellegerent,
1009 706 1226 772 dubitandum
1248 711 1306 774 ast.

180 809 270 888 Quae
299 828 373 874 cum
400 807 444 872 ita
471 807 544 886 sint,
574 807 653 872 nihil
676 810 734 885 est,
757 809 847 890 quod
867 808 1044 891 Panyassin
1067 813 1099 874 et
1120 809 1325 876 Herodotum
1348 833 1387 878 eo

105 911 339 995 propinquitatis
365 932 493 994 genere,
523 912 612 992 quod
647 913 810 999 ἐξάδελφος
841 912 941 976 verbo
970 912 1164 989 declaratur,
1200 913 1387 978 coniunctos

104 1015 190 1080 luisse
227 1034 393 1096 negemus.
457 1016 560 1078 Immo
602 1015 754 1096 quoniam
801 1015 988 1080 Herodotus
1030 1016 1171 1081 eundem
1211 1016 1388 1098 Lygdamin

104 1121 263 1200 tyrannum
281 1118 412 1200 expulit,
435 1136 539 1199 aquo
561 1118 738 1199 Panyassin
758 1121 910 1183 necatum
925 1117 1051 1194 scimus,
1073 1118 1128 1182 illa
1143 1118 1291 1199 cognatio
1309 1139 1386 1201 pro-

105 1221 289 1286 babilissima
311 1225 370 1298 est,
394 1220 453 1284 etsi
471 1219 668 1296 Herodotus,
691 1239 789 1301 quem
810 1220 932 1302 aliquot
954 1221 1046 1284 annis
1067 1223 1142 1301 post
1163 1221 1289 1286 initimn
1310 1223 1388 1287 belli

104 1323 357 1405 Peloponnesiaci
390 1327 553 1388 mortuum
588 1342 657 1388 esse
691 1325 827 1401 constat,
869 1322 991 1388 circiter
1023 1323 1152 1404 triginta
1184 1325 1277 1390 annis
1311 1329 1387 1408 post

104 1427 266 1510 Panyassiu
298 1431 439 1492 mortem
473 1426 561 1491 obiit.
607 1425 681 1504 Qua
708 1445 748 1490 ex
774 1447 819 1503 re,
849 1425 876 1490 si
905 1425 1140 1507 argumentatio
1168 1430 1279 1492 nostra
1308 1448 1385 1510 pro-

105 1531 201 1595 banda
223 1533 281 1608 est,
304 1529 384 1594 nihil
406 1529 493 1593 aliud
522 1529 564 1593 de
585 1528 789 1611 Panyassidis
816 1531 923 1596 aetate
955 1528 1058 1610 colligi
1088 1529 1187 1594 debet
1211 1530 1282 1609 nisi,
1313 1551 1387 1596 cum

103 1633 334 1710 interficeretur,
357 1651 432 1696 eum
452 1632 600 1697 nondum
627 1651 739 1696 senem
766 1632 873 1710 fuisse,
901 1631 959 1696 sed
981 1634 1088 1698 aetate
1110 1632 1207 1698 etiam
1229 1633 1385 1700 tlomisse.

178 1737 224 1801 De
247 1735 363 1802 ceteris
381 1736 489 1811 rebus,
512 1754 597 1816 quae
614 1734 657 1800 ad
673 1734 880 1816 Panyassidis
902 1734 1002 1800 vitam
1023 1735 1196 1816 pertinent,
1218 1737 1296 1801 nihil
1315 1757 1386 1802 am-

103 1840 175 1922 plius
194 1839 323 1916 scimus,
338 1837 399 1903 nisi
415 1836 603 1919 Lygdamidi
618 1840 754 1920 tyranno
772 1856 846 1901 eum
862 1837 1015 1902 infestum
1034 1857 1072 1902 ac
1089 1838 1269 1905 timendum
1289 1840 1386 1906 fuisse

104 1947 131 2006 et
156 1943 196 2007 ab
225 1961 339 2006 eorum
369 1944 460 2022 parte
489 1939 631 2018 stetisse,
669 1939 724 2021 qui
752 1940 920 2005 Herodoto
951 1941 1033 2006 duce
1065 1940 1156 2006 illurn
1186 1944 1385 2024 expulerrmt,

102 2045 130 2109 id
145 2045 230 2126 quod
246 2043 382 2108 dubium
397 2063 464 2108 non
476 2047 535 2121 est,
552 2063 627 2108 cum
643 2043 871 2124 aLygdamide
887 2048 1021 2108 necatus
1038 2044 1087 2109 sit.
1121 2045 1165 2108 At
1177 2045 1299 2110 incerta
1311 2049 1386 2110 sunt

101 2149 215 2230 reliqua
236 2147 357 2224 omnia,
379 2166 463 2228 quae
485 2148 528 2212 de
550 2147 618 2212 eius
639 2146 706 2210 vita
728 2146 808 2211 scire
830 2147 973 2211 velimus.
1014 2148 1175 2213 incertum
1201 2167 1283 2224 esse,
1306 2168 1385 2212 num

101 2251 182 2316 Sami
207 2251 363 2333 profugus
392 2249 524 2332 degerit,
552 2250 619 2314 iam
646 2269 745 2331 supra
767 2249 914 2314 diximus.
958 2249 1027 2315 Nec
1047 2249 1150 2332 magis
1173 2249 1283 2332 liquet,
1305 2270 1386 2314 nurn

100 2373 176 2434 quae
201 2353 285 2419 ratio
314 2353 493 2418 intercedat
518 2353 602 2417 inter
628 2352 835 2433 Panyassidis
861 2372 976 2417 necem
999 2356 1031 2418 et
1053 2373 1127 2418 eam
1147 2352 1263 2434 legem,
1286 2372 1386 2433 quam

102 2457 139 2521 de
166 2457 257 2522 novis
288 2456 380 2521 tundi
409 2458 442 2521 et
471 2456 643 2521 domorum
672 2455 791 2520 tabulis
821 2455 978 2520 faciundis
1009 2455 1179 2538 Lygdamis
1212 2475 1279 2522 una
1312 2476 1385 2522 curu

101 2559 215 2624 civibus
235 2559 443 2624 constitutam
465 2559 671 2624 iureiurando
694 2559 808 2626 sanxit.
842 2557 934 2636 Quae
956 2561 1065 2623 utrum
1087 2562 1162 2623 ante
1178 2558 1385 2641 Panyassidis

99 2682 207 2727 necem
230 2663 308 2728 data
330 2662 370 2727 sit
393 2682 436 2728 an
457 2666 542 2745 post,
565 2662 643 2726 item
666 2661 799 2726 dubium
823 2664 881 2726 est.

427 3005 462 3084 v.
501 3005 550 3085 lle
578 3005 798 3105 Parnaside
826 3005 1045 3106 philosopho.
1101 2975 1102 2984 Ν

177 3163 270 3227 Nunc
298 3180 337 3225 eo
366 3159 565 3241 quaestionis
592 3158 808 3241 pervenimus,
835 3161 872 3222 ut
894 3159 971 3240 quid
993 3159 1034 3225 de
1056 3157 1254 3241 Panyasside
1276 3159 1383 3240 philo-

21 3329 22 3344 ,
94 3263 232 3347 soph01)
255 3263 505 3327 existimandum
526 3263 576 3339 sit,
599 3262 781 3343 disceptare
802 3261 974 3343 possimus.

21 3359 22 3368 ’
175 3367 318 3443 Librum,
347 3386 446 3448 quem
477 3364 518 3430 de
549 3364 682 3429 somniis
711 3364 763 3428 ille
793 3364 958 3444 scripsisse
987 3364 1116 3443 dicitur,
1148 3385 1262 3431 revera
1284 3365 1383 3430 fuisse

92 3469 314 3534 Artemidoms
332 3469 425 3534 testis
446 3470 495 3532 est
518 3488 557 3532 eo
581 3488 615 3534 se
638 3488 735 3533 usum
758 3489 828 3534 esse
850 3459 989 3550 truus2)
1012 3467 1092 3532 locis
1115 3468 1234 3533 dicens,
1268 3469 1382 3534 Partes

91 3573 162 3637 libri
189 3572 288 3636 fuisse
316 3571 464 3636 dicuntur
494 3572 586 3636 duae.
631 3571 806 3652 Inscriptus
829 3574 908 3648 crat,
932 3570 959 3634 si
981 3570 1101 3635 Suidae
1123 3571 1206 3635 fides
1228 3571 1382 3636 habenda

92 3680 146 3754 est,
169 3679 235 3759 περὶ
257 3676 386 3759 ὀνείρων.
430 3675 547 3739 Utrum
568 3694 668 3754 prosa
689 3695 732 3739 an
759 3675 906 3739 versibus
935 3673 1072 3755 scriptus
1094 3673 1198 3750 fuerit,
1221 3673 1380 3738 incertum

21 3773 22 3786 ¹
91 3783 145 3857 est,
170 3799 245 3844 oum
267 3778 385 3841 libmm
406 3797 522 3859 parum
545 3776 710 3858 cognitum
731 3777 922 3842 habeamus

174 3950 195 4018 l)
223 3951 295 4004 Suid.
310 3967 331 4003 ε.
345 3964 370 4000 V.
381 3947 515 4012 Πανύασις,
527 3945 753 4018 Ἀλικαρνασσεὺς,
766 3950 896 4017 νεώτερος,
906 3948 1052 4017 φιλόσοφος,
1067 3951 1123 4018 περὶ
1137 3948 1243 4019 ὀνείρων
1255 3949 1338 4018 βιβλία
1349 3949 1362 4015 β

171 4037 312 4104 ²)Artem.
332 4032 474 4088 onirocrit.
493 4034 513 4087 I.
532 4035 557 4088 2.
575 4035 616 4088 ed.
634 4034 754 4088 Hercher
770 4051 796 4102 p.
815 4036 842 4088 9:
866 4028 984 4103 Ἀρέσκει
1003 4034 1029 4086 ot
1047 4035 1128 4089 ταῦτα
1153 4034 1196 4086 καὶ
1214 4031 1381 4106 Νικοστράτῳ

88 4115 121 4184 τῷ
136 4112 252 4189 Ἐφεσίῳ
270 4119 314 4170 καί
329 4116 466 4172 Πανυάσιδι
481 4123 519 4191 τῷ
539 4115 745 4191 (Αλικαρνασσεῖ,
764 4120 806 4172 καὶ
820 4121 1027 4189 γνωριμωτάτοις
1045 4120 1149 4189 ἀνδρεῖαι
1167 4120 1210 4173 καί
1228 4120 1379 4188 ίλλογίμοις.

169 4201 191 4256 Ι.
209 4202 252 4255 64.
277 4203 397 4258 Herchar
414 4222 440 4273 p.
458 4207 500 4259 59.
525 4201 639 4275 Ἀγαθὸν
663 4206 690 4258 u
716 4207 760 4260 καὶ
783 4206 809 4258 ίν
827 4213 922 4276 πηγαῖς
940 4207 986 4260 καὶ
1003 4207 1029 4259 ἐν
1048 4207 1147 4275 λίμναις
1164 4207 1209 4260 καὶ
1227 4207 1253 4258 ἐν
1273 4206 1379 4277 κρήναις

1363 3947 1368 3964 Ι

1373 3989 1379 4002 ι

87 4286 127 4338 καὶ
145 4287 172 4338 ἐν
190 4295 318 4356 ποταμοῖς
336 4289 450 4360 καθαρὸν
469 4291 513 4344 καὶ
531 4292 618 4351 deerit<
636 4292 737 4366 ίχουσιν
756 4288 826 4363 ὕδωρ
850 4293 984 4361 λούεσθαι,
1008 4292 1063 4346 ἀλλ’
1084 4292 1113 4346 οὐ
1138 4292 1271 4364 νήχεσθαι.
1305 4289 1379 4346 Ἐπεὶ
1492 4291 1494 4296 ’

87 4371 142 4441 τόγε
159 4372 286 4446 νήχεσθαι
304 4377 365 4428 πᾶσι
382 4375 493 4445 πονηρὸν
512 4377 556 4430 καὶ
573 4377 690 4430 κινδύνου
709 4379 752 4431 καὶ
771 4379 846 4431 νόσου
866 4379 1003 4448 σύμβολον.
1030 4377 1085 4447 Τήν
1104 4380 1131 4433 δὲ
1150 4381 1233 4433 αἰτίαν
1252 4377 1379 4438 Πανύασις

87 4455 326 4528 ὁἍλιιιαρναοσεὺς
344 4461 469 4530 ἐπιμελῶς
488 4461 640 4533 ἐξηγήσατο.

167 4545 201 4599 Π.
220 4546 267 4611 35,
290 4547 331 4605 ed.
349 4547 483 4602 Herscher
500 4565 526 4616 p.
547 4549 603 4602 132
646 4551 682 4609 ὡς
705 4552 752 4621 γάρ
777 4568 854 4621 φησιν
878 4550 892 4603 ὁ
917 4549 1057 4614 Πανύασις,
1081 4549 1201 4623 ἄπρακτα
1219 4550 1263 4603 καί
1281 4548 1377 4617 ἀσθενῆ

86 4627 183 4684 locatim
200 4633 234 4684 τὰ
250 4634 388 4703 πράγματα
406 4634 451 4686 τοῦ
471 4634 567 4694 ἰδόντος
584 4636 758 4706 προαγορεύει.
