3330 5214
651 355 859 418 -57.-

197 526 257 590 His
279 523 403 588 iudiciis
426 544 510 606 quae
538 526 579 590 de
600 524 736 590 Hesiodi
757 529 789 590 et
810 527 997 591 Antimachi
1022 529 1275 610 proprietatibus
1299 531 1402 595 conti·

109 633 244 705 nentur,
280 629 364 692 inter
391 646 426 691 se
453 647 606 708 magnam
635 632 763 710 partem
791 628 1000 710 respondent.
1061 631 1281 715 Quaecunque
1316 634 1403 697 enim

111 731 200 812 apud
213 731 404 813 Dionysium
415 731 457 795 de
471 732 509 795 iis
524 731 683 812 leguntur,
701 733 817 797 eadem
832 734 1037 814 reperiuntur
1054 734 1141 814 apud
1157 734 1401 812 Quintilianum.

110 833 219 915 Atque
251 834 350 899 etiam
380 835 421 898 de
450 834 649 916 Panyasside
678 835 712 898 id
741 835 906 917 utriusque
936 836 1054 900 iudicio
1085 857 1257 902 commune
1288 843 1337 903 est
1366 843 1403 904 ut

111 937 283 1019 Panyassis
305 938 338 1001 in
361 936 544 1018 eloquendo
566 937 684 1002 mixtus
708 958 747 1002 ex
762 938 907 1002 Hesiodo
931 941 962 1003 et
977 939 1173 1005 Antimacho
1193 923 1401 1007 existimetur.

111 1040 158 1103 Ex
180 1058 245 1120 quo
269 1043 405 1120 apparet
426 1040 606 1122 Panyassin
628 1041 661 1104 in
684 1040 866 1122 eloquendo
889 1045 960 1106 turn
981 1041 1167 1107 Antimachi
1189 1063 1280 1109 more
1303 1045 1402 1110 fuisse

114 1162 264 1224 asperum
287 1146 319 1206 et
340 1162 472 1224 gravem
493 1144 746 1224 inusitatumque
768 1163 952 1209 sermonem
974 1145 1154 1223 affectasse,
1175 1149 1247 1214 tum
1268 1147 1403 1212 Hesiodi

83 1257 85 1262 '
115 1265 203 1310 more
233 1246 411 1326 simplicem
439 1246 608 1328 levemque
637 1246 736 1310 fuisse
765 1251 797 1312 et
824 1247 1008 1312 abundasse
1037 1247 1224 1312 nominibus
1246 1269 1285 1314 ac
1306 1270 1402 1331 prae-

115 1348 223 1429 ceptis.
260 1348 305 1412 111
326 1348 390 1412 hoc
407 1349 560 1414 iudicium
575 1350 758 1434 fragmenta
772 1351 892 1414 tradita
908 1351 993 1414 bene
1009 1351 1212 1429 conveniunt,
1235 1351 1269 1416 in
1285 1353 1402 1433 quibus

115 1452 173 1516 etsi
194 1451 341 1515 Hesiodo
371 1453 499 1516 dicendi
527 1473 645 1534 genere
674 1453 776 1518 multo
799 1453 952 1534 propiora
978 1472 1077 1533 quam
1099 1453 1294 1518 Antimacho
1318 1459 1402 1532 sunt,

113 1559 223 1619 tamen
252 1553 341 1618 color
370 1556 503 1636 quidam
525 1557 757 1622 Antimacheus
786 1576 853 1620 non
884 1555 975 1620 desit.
1027 1555 1158 1620 Exsistit
1188 1557 1276 1620 enim
1301 1558 1335 1621 in
1364 1558 1402 1622 iis

113 1677 178 1722 non
209 1657 316 1722 solum
347 1658 523 1722 verborum
553 1661 744 1741 compositio
774 1659 911 1740 simplex
940 1679 978 1723 ac
1006 1659 1200 1740 probabilis,
1233 1662 1403 1724 nominum

113 1759 358 1844 abundantia,¹)
382 1762 538 1826 orationis
560 1762 603 1826 ad
624 1766 800 1844 praecepta
822 1762 986 1827 inclinatio
997 1759 1035 1844 2),
1059 1763 1117 1826 sed
1140 1762 1238 1826 etiam
1260 1765 1402 1845 gravitas

113 1864 276 1945 quaedam
293 1867 325 1928 et
341 1862 504 1928 interdum
519 1865 693 1929 verborum
711 1869 912 1929 remotorum
930 1884 1017 1928 usus
1027 1862 1055 1948 3)
1089 1864 1214 1929 Deinde
1230 1865 1402 1948 Dionysius

114 1971 144 2031 et
167 1967 384 2045 Quintilianus
405 1967 439 2030 in
461 1987 500 2031 eo
524 1968 740 2044 consentiunt,
769 1971 805 2031 ut
826 1967 964 2031 materia
992 1986 1165 2048 rerumque
1195 1967 1404 2034 cohaerentia

113 2091 150 2134 ac
179 2071 392 2152 dispositione
420 2074 452 2135 et
473 2070 654 2134 Hesiodum
680 2075 711 2134 et
733 2068 965 2134 Antimachum
988 2089 1008 2133 a
1029 2069 1229 2151 Panyasside
1257 2072 1403 2152 superari

113 2174 227 2238 ferant.
260 2173 407 2255 Denique
430 2173 472 2238 ah
493 2177 632 2254 utroque
650 2176 717 2237 tres
734 2172 779 2236 1111
796 2192 835 2236 eo
852 2171 965 2235 ordine
983 2178 1222 2250 enumerantur,
1245 2176 1281 2238 ut
1296 2173 1402 2256 Pany-

112 2278 194 2346 assis
216 2281 401 2358 postremus
423 2276 617 2340 nominetur.

199 2380 266 2445 Sed
294 2378 442 2461 quamvis
471 2378 573 2442 multa
600 2397 714 2442 eorum
741 2378 934 2442 testimoniis
964 2379 1149 2443 communia
1178 2379 1256 2457 sint,
1290 2384 1403 2444 tamen

112 2482 250 2546 multum
271 2482 364 2546 abest
385 2485 421 2545 ut
442 2481 586 2562 Dionysii
608 2481 709 2545 verba
730 2500 751 2544 a
776 2481 975 2559 Quintiliano
998 2481 1190 2561 reddantur,
1221 2483 1277 2564 qui
1299 2483 1402 2547 multo

112 2585 204 2665 plura
236 2585 291 2649 illo
321 2585 445 2649 afferat.
485 2585 545 2674 -Ne
574 2584 638 2648 alia
666 2584 787 2662 dicam,
821 2585 909 2664 apud
934 2584 1124 2666 Dionysium
1152 2585 1284 2662 desunt,
1319 2604 1403 2667 quae

111 2688 291 2753 Hesiodum
332 2688 519 2752 describens
558 2686 773 2765 Quintilianus
814 2687 855 2750 de
889 2687 1059 2750 nominum
1099 2691 1150 2751 et·
1169 2689 1403 2752 sententiarum

112 2791 292 2872 praeceptis
318 2791 518 2856 redditarum
546 2789 639 2871 copia
666 2788 752 2854 dicit.
800 2789 837 2852 In
863 2790 1074 2854 aestimandis
1098 2810 1175 2855 vero
1198 2790 1403 2872 Panyassidis

111 2894 283 2958 virtutibus
305 2893 397 2958 aliter
418 2893 588 2976 Dionysius
610 2893 740 2969 iudicat,
763 2892 855 2956 aliter
878 2892 1103 2970 Quintilianus.
1148 2893 1244 2957 Hunc
1266 2893 1352 2958 enim
1375 2894 1403 2957 si

113 2997 271 3074 audimus,
294 2997 479 3061 Antimachi
502 3000 534 3061 et
555 2997 689 3061 Hesiodi
711 2997 745 3060 in
768 2995 950 3076 eloquendo
972 2996 1106 3061 virtutes
1128 2996 1310 3079 Panyassis,
1342 2997 1404 3061 etsi

114 3099 302 3164 coniunctae
330 3099 429 3163 ineo
457 3104 563 3177 erant,
590 3104 701 3164 tamen
726 3119 794 3162 non
821 3099 981 3180 aequavit.
1032 3098 1154 3164 Contra
1179 3119 1248 3165 non
1269 3099 1403 3164 inferior

113 3203 171 3266 illis
201 3203 276 3279 fuit,
306 3204 332 3266 si
353 3203 541 3285 Dionysium
570 3203 750 3284 sequimur,
779 3202 899 3283 quippe
927 3202 983 3283 qui
1005 3202 1046 3266 de
1067 3203 1267 3283 praestantia
1289 3221 1402 3267 eorum

113 3306 191 3369 nihil
207 3310 448 3370 commemoret.
471 3306 584 3389 Neque
600 3306 687 3369 enirn
702 3306 736 3368 id
748 3305 817 3368 sine
829 3305 963 3370 consilio
976 3305 1097 3369 facturn
1109 3324 1182 3368 esse
1192 3308 1311 3386 polest,
1328 3295 1416 3368 cum‘

114 3408 182 3489 ipso
200 3409 264 3473 hoc
282 3409 354 3473 loco
372 3411 653 3486 commemoretur,
672 3407 788 3489 quibus
808 3408 906 3471 rebus
923 3406 1095 3488 Panyassis
1116 3405 1177 3470 illis
1196 3406 1400 3487 praestiterit.

113 3512 223 3594 ltaque
239 3512 323 3577 inter
333 3512 522 3595 Dionysium
536 3515 567 3576 et
582 3511 816 3590 Quintilianum
828 3511 943 3574 eadem
960 3509 1119 3574 dissensio
1136 3509 1285 3587 habetur,
1303 3529 1402 3590 quam

114 3615 153 3678 de
167 3615 372 3698 Panyassidis
386 3615 490 3696 pretio
507 3619 606 3695 alque
621 3613 846 3678 aestimatione
862 3612 979 3678 Suidas
994 3611 1103 3690 tradit,
1119 3631 1184 3693 quo
1200 3615 1284 3676 teste
1301 3611 1402 3694 Pany-

113 3718 192 3782 assis
207 3719 249 3782 ab
267 3718 336 3782 aliis
347 3718 491 3784 Homero
505 3718 670 3799 proximus
683 3716 852 3794 iudicatus
867 3716 909 3779 ab
921 3715 992 3780 aliis
1002 3715 1148 3780 Hesiodo
1163 3717 1195 3778 et
1206 3715 1401 3779 Antimacho

113 3821 312 3902 postpositus
326 3825 385 3884 est.
418 3821 509 3899 Quae
525 3821 683 3885 dissensio
702 3820 801 3884 etiam
813 3819 960 3900 pluribus
973 3817 1167 3883 testimoniis
1182 3817 1401 3882 confirmatur.

28 4053 29 4080 l
114 4045 254 4113 quinquies
271 4044 319 4112 τλῆ
338 4043 420 4097 verbo
439 4044 529 4112 utitur,
547 4049 578 4098 ut
594 4043 749 4097 servitutem
768 4059 800 4096 ac
814 4041 972 4110 patientiam
987 4040 1096 4108 gravius
1110 4039 1241 4108 significet
1256 4039 1402 4106 Martisque

113 4130 306 4199 impatientiam
323 4129 433 4199 insuper
449 4145 543 4184 versus
560 4129 668 4198 rythmo
686 4128 838 4182 vehementi
856 4127 983 4195 depingit.
1009 4126 1049 4180 De
1065 4124 1298 4194 redintegrationis
1315 4124 1403 4192 figura

114 4217 145 4270 ef.
163 4217 244 4271 etlam
262 4215 306 4270 Tz.
324 4217 374 4285 frg.
394 4216 439 4270 18:
462 4217 547 4282 πᾶσαι,
566 4217 666 4281 πάντες,
685 4217 771 4281 πᾶσαι,
788 4214 870 4271 πάσας
888 4218 914 4266 et
932 4213 981 4280 frg.
1001 4213 1040 4264 17.
1061 4211 1176 4264 14-16:
1199 4211 1225 4265 tv
1245 4212 1301 4278 μέν,
1319 4208 1346 4260 ἐν
1366 4209 1401 4272 δέ,

114 4302 138 4354 ἐν
157 4301 188 4371 δ’,
206 4303 233 4355 ἐν
253 4303 287 4356 δὲ.

199 4387 419 4458 HRQH

198 4473 539 4543 QRQHOEQ

196 4559 220 4629 ³)
247 4559 280 4614 cf.
298 4559 433 4613 Tzschim.
452 4576 477 4627 p.
496 4561 537 4613 65.
564 4559 612 4626 frg.
631 4558 692 4612 30a
709 4556 771 4612 eth
789 4561 816 4611 et
834 4571 905 4625 quae
924 4572 950 4624 p.
969 4554 1001 4608 17
1021 4559 1202 4674 exponuntrssr.

1142 4641 1159 4692 5
