3330 5214
787 405 997 470 ..pg-

245 575 339 661 r[?]q›
357 577 517 660 ἐλεύθερον
535 578 618 658 εἶναι,
638 567 670 649 ὃς
687 570 721 642 ἂν
737 579 853 641 ταῦτα
870 581 909 662 μὴ
927 579 1109 666 παραβαίνῃ,
1127 579 1257 662 κατόπερ
1275 581 1310 642 τὰ
1327 567 1413 663 ὅρκια
1428 570 1546 662 ’ἔταμον

248 681 297 743 καὶ
320 685 360 750 ὼς
383 680 543 764 γέγραπται
566 682 596 745 ἐν
619 685 663 766 τῷ
681 677 880 762 Ἀπολλωνίῳ
883 727 1020 756 .....
1064 709 1068 714 ·
1218 671 1219 674 ¹

335 783 363 845 7.
397 782 462 847 Illis
484 783 610 863 poenis,
633 801 715 863 quas
738 801 837 863 supra
859 781 1009 859 diximus,
1031 801 1099 846 non
1120 783 1226 848 solum
1247 785 1332 848 cives
1348 785 1461 861 teneri,
1481 785 1548 848 sed

247 887 346 950 etiam
376 886 570 966 Lygdamim
600 885 627 948 si
656 885 761 966 legem
790 886 982 966 perturbare
1012 889 1069 950 aut
1097 887 1210 951 tollere
1239 891 1375 951 conatus
1406 892 1506 951 esset.
1522 887 1547 969 ¹}

334 988 459 1066 Quibus
488 1009 506 1052 e
532 988 630 1052 rebus
658 1007 732 1052 cum
759 992 864 1052 totam
890 989 996 1070 legem
1019 1009 1058 1053 eo
1081 995 1247 1072 spectasse
1270 993 1427 1072 appareat
1448 995 1485 1054 ut
1510 990 1547 1053 in

247 1092 376 1156 civitate
404 1092 594 1173 perturbata
623 1110 687 1171 pax
717 1095 815 1172 atque
845 1095 960 1156 mutua
988 1092 1107 1156 fiducia
1120 1093 1302 1158 'restituere
1317 1113 1365 1170 ur,
1388 1093 1547 1158 facillime

247 1194 450 1274 intellegitur,
480 1194 536 1274 qui
561 1193 631 1257 fieri
658 1193 801 1274 potuerit
822 1197 859 1258 ut
880 1194 1061 1276 Lygdamis
1091 1215 1164 1259 cum
1187 1195 1304 1260 civium
1327 1197 1479 1260 dominus
1503 1216 1548 1260 ac

246 1300 400 1377 tyrannus
432 1298 531 1373 esset,
562 1299 674 1360 tamen
701 1315 768 1359 una
797 1315 871 1360 cum
900 1296 961 1360 illis
991 1297 1096 1378 legem
1126 1298 1232 1376 daret,
1262 1302 1299 1363 ut
1327 1297 1449 1363 civstrus
1478 1319 1546 1362 no-

247 1399 424 1463 minaretur
444 1400 657 1480 postposituS,
678 1403 714 1462 ut
736 1400 806 1481 ipse
829 1419 864 1464 se
886 1400 1092 1465 iureiurando
1114 1403 1292 1483 pariterue
1312 1404 1398 1469 cives
1421 1404 1546 1467 astrin-

246 1506 346 1582 geret.
381 1501 570 1582 Lygdamidi
593 1502 679 1565 enim
701 1505 737 1565 ut
757 1521 824 1566 una
847 1521 921 1566 curn
943 1502 1066 1566 civibus
1089 1503 1130 1566 de
1154 1505 1251 1569 rebus
1275 1505 1412 1570 civitatis
1434 1506 1547 1586 legem

248 1605 340 1668 daret
372 1605 566 1685 permissum
597 1624 668 1669 esse
697 1624 764 1668 non
793 1608 935 1685 poterat,
966 1605 1027 1669 nisi
1061 1605 1203 1670 civitatis
1232 1608 1347 1673 fuisset
1377 1609 1544 1672 dominus.

246 1707 314 1770 Nec
343 1706 446 1786 magis
476 1706 561 1769 cives
592 1725 666 1771 cum
695 1706 891 1789 Lygdamide
920 1707 1025 1788 legem
1056 1709 1097 1772 de
1124 1709 1191 1774 suis
1218 1711 1316 1775 rebus
1344 1731 1545 1793 componere

247 1813 423 1891 potuenmt
445 1809 508 1872 nisi
525 1809 681 1890 potestati
700 1810 769 1873 eius
789 1809 932 1874 subiecti.
966 1811 1010 1874 Ut
1028 1811 1124 1892 igitur
1142 1812 1221 1894 legis
1240 1813 1394 1878 ferendae
1411 1819 1544 1897 partem

248 1916 401 1993 caperent
431 1916 463 1976 et
492 1912 667 1994 antepositi
695 1913 950 1990 nominarentur,
981 1914 1104 1978 tactum
1134 1933 1204 1980 esse
1237 1936 1304 1982 non
1337 1921 1447 1999 potest
1478 1917 1544 1980 nisi

247 2015 347 2095 ipsius
376 2015 504 2096 tyranni
533 2015 710 2092 voluntate,
741 2016 796 2097 qui
825 2015 983 2080 libertatis
1014 2017 1122 2098 specie
1149 2018 1225 2083 licta
1253 2020 1338 2084 cives
1366 2020 1409 2084 ad
1434 2020 1544 2101 legem

247 2118 416 2181 terendam
444 2117 519 2180 ideo
542 2137 739 2182 convocasse
765 2119 929 2200 putandus
957 2122 1006 2184 est
1033 2123 1069 2184 ut
1092 2121 1153 2201 ipsi
1176 2141 1211 2185 se
1233 2123 1276 2186 ad
1298 2123 1403 2203 legem
1426 2123 1543 2186 obser·

247 2221 389 2284 vandam
412 2240 472 2285 sua
494 2224 611 2302 sponte
633 2220 856 2302 astringerent.
901 2221 1110 2287 lureiurando
1133 2227 1244 2288 autem
1270 2225 1339 2306 ipse
1362 2245 1397 2289 se
1419 2225 1544 2306 pariter

247 2343 286 2388 ac
308 2323 392 2387 cives
415 2323 564 2387 astrinxit
583 2343 693 2387 rerum
711 2323 904 2387 necessitate
924 2328 1064 2403 coactus,
1088 2346 1162 2389 cum
1178 2327 1271 2392 aliter
1286 2331 1401 2392 mutua
1422 2328 1544 2392 fiducia

246 2426 371 2490 restitui
400 2445 466 2490 non
495 2428 616 2507 posset.
667 2425 792 2502 Quodsi
820 2426 906 2490 cives
935 2427 967 2490 in
995 2429 1123 2509 tyranni
1150 2433 1313 2510 potestate
1342 2434 1445 2508 erant,
1466 2431 1544 2496 huic

247 2529 402 2610 anteponi
419 2528 507 2592 nullo
523 2528 586 2592 alio
602 2528 735 2592 consilio
750 2532 925 2608 potuerunt
937 2530 1000 2594 nisi
1015 2534 1051 2594 ut
1071 2532 1187 2596 civium
1202 2532 1378 2597 liberorum
1398 2520 1543 2615 speciem

247 2632 417 2709 haberent,
437 2651 521 2712 quae
540 2631 665 2711 species
683 2650 743 2711 pro
758 2651 866 2696 rerum
882 2633 1071 2698 condicione
1089 2634 1243 2716 fingenda
1256 2640 1335 2700 erat.
1368 2636 1438 2700 Nisi
1453 2638 1543 2700 enim

249 2755 308 2800 sua
331 2738 447 2816 sponte
470 2735 555 2800 cives
576 2735 682 2814 legem
704 2734 856 2811 tulerunt,
878 2736 1056 2816 periculum
1081 2740 1213 2802 eratne
1236 2739 1279 2802 ab
1310 2739 1348 2802 iis
1370 2740 1422 2804 lex
1444 2740 1541 2804 tolle-

247 2842 344 2915 retur,
362 2856 461 2918 quam
479 2837 606 2918 tyranni
616 2837 790 2917 potestatis
802 2838 998 2903 muniendae
1010 2859 1048 2902 aa
1065 2839 1308 2906 confirmandae
1325 2861 1423 2907 causa
1439 2844 1543 2908 latam

247 2941 389 3004 iudicare
401 2940 568 3003 debemus.
591 2939 704 3019 ltaque
717 2942 854 3020 tyranno
867 2941 1129 3021 prospiciendum
1142 2947 1221 3020 erat,
1233 2947 1269 3008 ut
1280 2945 1313 3008 in
1324 2945 1394 3026 lege
1406 2946 1543 3011 ferenda

249 3044 334 3108 cives
364 3054 431 3106 non'
455 3043 560 3106 solum
581 3043 684 3106 libero
708 3042 840 3106 arbitrio
863 3047 1040 3121 uterentur,
1071 3045 1129 3108 sed
1150 3047 1200 3109 usi
1224 3047 1323 3111 etiam
1345 3048 1542 3112 viderentur.

335 3146 499 3222 Quoniam
527 3146 621 3225 igitur
649 3145 749 3225 ipsius
778 3146 857 3226 legis
885 3150 1004 3210 natura
1030 3148 1196 3228 postulare
1223 3151 1319 3214 nobis
1346 3151 1483 3228 videtur,
1506 3158 1543 3216 ut

247 3249 423 3332 Lygdamin
454 3268 513 3328 pro
542 3247 679 3312 civitatis
707 3249 839 3312 domino
866 3249 1057 3327 habeamus,
1081 3251 1131 3314 cui
1154 3252 1314 3332 integrum
1335 3253 1431 3318 fuerit
1452 3253 1542 3334 leges

248 3353 326 3416 dare
355 3351 476 3414 civibus
506 3354 538 3414 et
566 3351 720 3414 adhibitis
749 3355 781 3415 et
806 3352 971 3434 neglectio,
999 3373 1074 3417 eum
1100 3355 1133 3416 in
1159 3355 1319 3420 laterculis
1345 3353 1543 3421 tributorum

246 3455 501 3519 Atheniensibus
533 3454 770 3519 nominandum
803 3455 913 3533 tuisse,
947 3457 973 3519 si
988 3541 992 3547 Ι
1007 3475 1094 3520 anno
1123 3457 1187 3520 449
1221 3457 1353 3522 demum
1387 3461 1541 3540 expulsus

247 3561 342 3634 esset,
362 3562 520 3620 tenemus.
555 3556 668 3638 ltaque
687 3578 761 3620 curn
780 3557 991 3636 Kirchhoffio,
1011 3559 1071 3623 etsi
1090 3559 1268 3640 Lygdamin
1286 3562 1352 3626 iam
1371 3564 1542 3644 expulsum

246 3662 362 3738 tuisse,
393 3681 466 3724 cum
488 3661 543 3724 illa
564 3661 616 3724 lex
638 3660 743 3738 fieret,
767 3681 834 3725 non
856 3666 943 3726 recte
964 3663 1124 3726 iudicasse
1147 3663 1242 3726 nobis
1264 3664 1405 3742 videtur,
1428 3670 1542 3731 tamen

247 3766 342 3827 ineo
366 3764 586 3827 consentimus
608 3767 643 3828 ut
665 3765 842 3845 Lygdamin
865 3765 975 3846 paullo
999 3769 1074 3828 ante
1098 3766 1139 3828 ol.
1163 3767 1214 3829 81.
1239 3767 1258 3830 3
1281 3769 1314 3830 et
1336 3768 1542 3834 dominatum

247 3867 411 3947 accepisse
435 3870 466 3929 et
489 3866 659 3948 expulsum
682 3886 753 3930 esse
776 3867 979 3931 arbitremur.

332 3968 446 4049 Neque
478 3989 556 4033 vero
593 3970 764 4046 habemus,
798 3989 854 4032 cur
883 3970 1055 4050 posteriori
1088 3972 1227 4053 tempori
1256 3972 1338 4036 haec
1364 3977 1542 4055 propterea

248 4071 472 4149 attribuamus
501 4074 590 4154 quod
613 4073 733 4137 Suidae
761 4073 802 4136 de
824 4073 1019 4137 Pisindelide
1043 4076 1075 4138 et
1097 4075 1295 4155 Lygdamide
1315 4075 1542 4140 testimonium

248 4178 434 4255 suspectum
465 4176 514 4240 sit.
566 4175 670 4239 Huius
702 4175 789 4238 enim
828 4176 1019 4256 suspicionis
1054 4196 1138 4257 quae
1179 4181 1371 4258 argumenta
1410 4180 1542 4259 prolata

247 4281 331 4353 sunt,
355 4278 464 4341 omnia
486 4279 562 4342 reici
586 4279 715 4344 debent.
760 4279 941 4342 Audiamus
964 4280 1069 4361 igitur,
1092 4301 1176 4362 quae
1192 4281 1326 4362 ‘prolata
1349 4279 1453 4364 sint.2)

335 4430 354 4498 ¹)
383 4432 454 4498 Quin
472 4393 540 4485 haec
557 4448 607 4497 res,
626 4432 676 4485 etsi
693 4431 759 4499 ipsis
777 4433 866 4487 verbis
883 4434 1006 4488 videlicet
1024 4450 1081 4488 non
1099 4434 1202 4498 dieitur,
1220 4436 1300 4504 longe
1318 4435 1438 4489 maxima
1458 4438 1544 4494 totius

245 4516 311 4584 leffl‘s
327 4518 417 4580 fuerit,
443 4534 499 4570 non
518 4517 630 4570 dubium
652 4517 719 4570 milri
743 4518 860 4584 videtur,
886 4535 1044 4588 quanquam
1062 4522 1152 4574 adhuc
1169 4522 1249 4589 lonye
1267 4521 1344 4575 aliter
1360 4521 1542 4578 indicabatur.

331 4601 354 4668 ²)
381 4603 414 4655 ct.
431 4602 483 4654 Ad.
498 4602 595 4667 Bauer,
614 4602 749 4657 Herodots
764 4603 935 4674 Biographie.
956 4605 1029 4671 1878,
1048 4623 1075 4673 p.
1091 4607 1130 4660 15.
1158 4607 1238 4671 Riihl,
1255 4606 1348 4661 Philol.
1366 4607 1441 4672 1882,
1459 4611 1542 4676 pos.
