3330 5214
834 437 1046 501 „56-

383 611 450 677 Sed
479 611 513 675 in
542 611 651 674 animo
680 609 776 673 nohis
811 629 878 673 uon
907 612 957 673 est
978 609 1157 674 accuratius
1185 609 1428 687 demonstrare,
1459 611 1598 692 qualem
1658 691 1659 696 γ

296 715 329 778 hr
356 713 545 796 fragmentis
574 731 646 777 sese
677 716 809 794 poetam
840 711 1012 794 Panyassis
1040 711 1211 792 praebeat,
1247 731 1345 793 quem
1375 712 1419 775 ad
1450 731 1597 793 cognos-

297 814 436 881 cendum
459 820 557 896 atque
580 815 830 880 existimandum
852 817 888 878 ut
910 813 964 878 illa
984 813 1156 890 sufficiant,
1178 813 1318 878 multum
1333 804 1440 878 abest.
1475 815 1597 878 Totius
1659 829 1660 906 ᾖ

295 918 391 999 igitur
426 937 510 999 quae
546 917 761 999 proprietates
796 936 835 981 ac
870 917 1004 981 virtutes
1040 916 1159 981 fuerint
1194 917 1409 994 nesciremus,
1452 918 1516 981 nisi
1552 918 1597 981 de

295 1020 333 1084 iis
360 1020 588 1086 existimatoris
615 1020 734 1084 veteris
762 1019 932 1105 iudicium¹
948 1023 1088 1084 exstaret
1115 1019 1260 1101 Dionysii
1285 1019 1530 1084 Halicamassei
1563 1023 1597 1084 et

296 1123 484 1201 Quintiliani
499 1121 694 1187 testimoniis
712 1122 878 1186 traditum.
913 1117 1060 1200 Quorum
1076 1122 1255 1186 sententias
1271 1142 1372 1204 saepe
1390 1123 1597 1186 adverbum

295 1226 378 1290 inter
400 1245 436 1290 se
458 1225 695 1301 convenientes,
717 1228 754 1288 ut
774 1243 841 1288 uno
864 1229 1041 1305 conspectu
1060 1225 1242 1305 comparari
1263 1225 1406 1307 possint,
1429 1225 1485 1289 hic
1507 1226 1597 1289 inter

295 1348 331 1392 se
354 1329 563 1410 opponimus:

337 1464 467 1546 Dionys.
490 1463 563 1529 Hal.
585 1466 644 1530 τῶν
667 1466 801 1552 ἀρχαίων
824 1466 913 1549 κρίσις
1009 1464 1141 1542 Quintil.
1164 1465 1238 1529 inst.
1262 1485 1309 1530 or.
1332 1464 1372 1528 X.
1399 1466 1427 1529 1.
1446 1465 1594 1529 5a-54.
1660 1497 1661 1502 τ

297 1569 334 1632 ll.
357 1567 387 1630 O.
412 1567 441 1630 3.
464 1567 495 1630 4.
518 1587 550 1648 p.
572 1567 636 1632 415
657 1566 698 1631 R.
1007 1568 1097 1634 Raro
1131 1569 1271 1650 assurgit
1302 1567 1468 1632 Hesiodus
1495 1587 1595 1649 mag-

334 1667 477 1740 Ἡοίοδοτ
491 1672 542 1754 μὲν
556 1672 610 1754 γὰρ
623 1672 790 1758 ἐφρόντισεν
803 1671 913 1754 ἡδονῆς
965 1689 1072 1752 neque
1108 1690 1183 1753 pars
1219 1672 1288 1736 eius
1327 1671 1361 1734 in
1398 1671 1595 1734 nominibus

295 1775 344 1838 καὶ
375 1769 527 1857 ὀνομάτων
558 1774 706 1858 λειότητος
732 1776 782 1837 καὶ
811 1773 912 1838 corti·
965 1777 1014 1838 est
1037 1777 1210 1856 occupata;
1238 1779 1351 1838 tamen
1378 1773 1476 1837 utiles
1505 1774 1595 1836 cirea

296 1901 372 1947 σεως
395 1877 551 1960 ἐμμελοῦς.
963 1881 1138 1959 praecepta
1178 1877 1359 1940 sententiae
1404 1876 1594 1956 levitasque

963 1979 1139 2044 verborum
1169 1983 1201 2043 et
1233 1979 1479 2061 compositionis
1509 1998 1593 2060 pro·
1661 2011 1662 2016 τ

962 2082 1090 2160 habilis,
1114 2083 1273 2163 daturque
1296 2082 1327 2147 ei
1345 2081 1457 2164 palma
1479 2083 1514 2145 in
1534 2082 1594 2146 illo

963 2185 1073 2249 medio
1095 2205 1213 2267 genere
1235 2184 1375 2249 dicendi.

1006 2288 1130 2353 Contra
1162 2289 1196 2352 in
1229 2287 1426 2354 Antimacho
1464 2287 1515 2351 vis
1557 2294 1595 2353 et

963 2391 1104 2472 gravitas
1134 2395 1167 2455 et
1194 2391 1327 2455 minime
1353 2391 1487 2471 vulgare
1517 2392 1592 2455 elo-

963 2494 1084 2574 quendi
1105 2514 1206 2575 genus
1223 2495 1324 2559 hahet
1341 2494 1483 2559 laudem.
1519 2494 1592 2558 Sed

963 2597 1111 2678 quamvis
1138 2597 1168 2662 ei
1196 2597 1356 2662 secundas
1383 2597 1452 2661 fere
1474 2616 1591 2678 gram-

961 2700 1155 2764 maticorum
1177 2720 1355 2765 consensus
1379 2700 1521 2777 deierat,
1555 2705 1593 2764 et

961 2801 1131 2867 affectibus
1160 2806 1192 2866 et
1221 2803 1420 2867 iucunditate
1449 2806 1482 2867 et
1514 2803 1587 2867 dis-

961 2905 1122 2986 positione
1140 2909 1172 2970 et
1185 2907 1319 2970 omnino
1336 2909 1405 2969 arte
1423 2905 1588 2983 deficitur,

961 3012 997 3073 ut
1040 3009 1137 3090 plane
1189 3008 1363 3072 manifesto
1408 3014 1589 3091 appareat,

961 3117 1084 3193 quanto
1112 3113 1153 3176 sit
1180 3110 1268 3176 aliud
1289 3111 1477 3193 proximum
1499 3132 1587 3189 esse,

961 3215 1049 3280 aliud
1072 3215 1261 3279 secuudum.

337 2287 513 2374 Ἀντίμαχος
541 2288 573 2351 δὲ
597 2287 728 2357 εὐτονίας
755 2288 805 2350 καί
829 2288 910 2369 dyo·

293 2394 415 2475 ντοττκῆς
431 2392 612 2477 τραχύτητος
629 2389 748 2454 καὶτοῦ
766 2391 911 2473 συνήθους

293 2494 343 2577 τῆς
366 2494 536 2577 ἐξαλλαγῆς.

335 3315 482 3386 Πανύασις
501 3316 534 3379 δὲ
551 3312 603 3385 τάς
621 3337 653 3378 τε
673 3315 783 3401 ἀμφοῖν
804 3315 910 3397 ἀρετὰς

291 3418 434 3503 ἠνέγκατο
458 3420 507 3482 καί
531 3417 628 3482 αὐτῶν
650 3419 835 3502 πραγματείᾳ
858 3418 910 3482 καί

291 3521 329 3605 τῇ
357 3519 421 3584 κατ’
451 3521 538 3585 αὐτὸν
566 3523 720 3606 οἰκονομίᾳ
750 3523 908 3605 διήνεγκεν.

1004 3318 1193 3400 Panyassin,
1217 3338 1256 3382 ex
1278 3322 1417 3399 utroque
1433 3317 1587 3396 mixtum,

961 3425 1078 3503 putant
1121 3422 1155 3485 in
1204 3420 1387 3505 eloquendo
1437 3422 1590 3486 neutrius

962 3543 1102 3606 aequare
1124 3525 1274 3602 virtutes,
1303 3524 1442 3588 alterum
1470 3528 1589 3588 tamen

962 3627 1004 3690 ah
1018 3647 1056 3691 eo
1068 3628 1215 3705 materia,
1233 3627 1371 3693 alterum
1387 3627 1590 3708 disponendi

961 3729 1087 3795 ratione
1110 3730 1264 3812 superari.

377 3863 444 3925 Eos,
463 3865 587 3932 quamvis
604 3864 738 3933 simplices
756 3865 904 3930 videantur,
921 3871 1014 3920 tamen
1032 3872 1087 3921 arte
1105 3871 1186 3935 atque
1204 3866 1317 3924 consilio
1335 3883 1392 3920 non
1410 3883 1501 3921 carere
1519 3883 1589 3920 con·

292 3949 377 4013 cedes,
395 3949 443 4002 ubi
460 3965 522 4003 cum
539 3949 571 4004 iis
584 3949 688 4005 Horatii
705 3967 798 4005 versus
817 3949 906 4020 (epod.
915 3952 996 4006 XVII.
1006 3953 1119 4018 65-69)
1137 3953 1283 4007 contuleris
1301 3958 1328 4007 et
1341 3953 1470 4007 materiae
1485 3968 1589 4020 genere

291 4039 317 4088 et
331 4051 457 4089 versuum
470 4035 552 4089 initiis
564 4041 621 4091 tam
634 4035 741 4100 similes,
759 4037 877 4091 utillum
890 4037 1019 4092 Horatius
1030 4039 1226 4106 propemodum
1240 4039 1363 4093 videatur
1374 4038 1495 4092 imitatus
1510 4055 1588 4093 esse:

672 4121 756 4190 Optat
773 4123 891 4191 quietem
908 4123 1015 4192 Pelopis
1032 4124 1108 4178 infidi
1126 4129 1209 4191 pater,

600 4208 688 4276 Egens
705 4207 839 4276 benignae
856 4208 988 4264 Tantalus
1006 4225 1111 4277 semper
1129 4208 1220 4278 dapis3

602 4291 686 4361 Optat
703 4293 879 4347 Prometheus
898 4294 1035 4364 obligatus
1053 4295 1116 4360 aliti,

601 4377 685 4447 Optat
702 4394 828 4447 supremo
846 4381 980 4434 collocare
998 4380 1127 4450 Sisyphus

600 4465 631 4519 lu
650 4469 742 4519 monte
759 4481 863 4519 saxum.

378 4548 514 4606 Orationis
530 4551 645 4620 figuram
669 4551 705 4606 rei
730 4553 938 4605 accomodatam
960 4568 1019 4607 esse
1036 4553 1209 4608 manifestum
1226 4559 1275 4608 est.
1310 4552 1347 4607 Ut
1363 4553 1436 4609 enim
1453 4553 1590 4609 Horatius

292 4634 327 4687 ad
348 4635 444 4703 quietis
467 4636 629 4691 desiderium
651 4637 861 4704 praedicandum
886 4641 963 4705 optat
983 4637 1097 4692 verbum
1120 4639 1162 4692 bis
1179 4639 1355 4708 redintegrat,
1382 4639 1421 4693 ita
1437 4640 1591 4707 Panyassis
