3330 5214
624 446 836 509 ,43-

99 614 246 680 ascribere
268 633 457 696 possumuS,
486 615 676 697 praesertim
705 635 778 680 cum
807 635 874 680 non
901 616 1006 680 solum
1034 617 1077 680 ab
1099 616 1162 680 hac
1184 617 1377 699 olympiade,

98 718 263 782 sedetiam
286 719 329 782 ab
352 717 422 782 aliis
443 717 635 800 propinquis
657 739 709 783 res
731 719 890 801 ascriptae
911 718 1037 800 longius
1059 721 1205 784 remotae
1227 719 1300 785 sint.

174 821 238 886 Sed
264 822 443 898 rideamne,
472 823 638 903 quomodo
665 843 717 887 res
745 843 781 887 se
808 822 939 887 habeat.
993 821 1153 886 Pindarus
1183 822 1314 904 quidem
1344 827 1377 887 et

98 923 279 1002 Simonides,
303 925 381 1006 quin
403 924 444 988 ol.
469 926 520 989 73.
544 927 564 990 7
586 925 670 989 falso
693 925 823 1007 ascripti
846 926 911 989 sint
933 928 965 989 et
993 925 1034 988 ol.
1059 924 1100 989 75
1127 925 1245 990 ascribi
1270 926 1375 991 debu-

98 1027 178 1105 erint,
200 1027 334 1092 dubium
356 1047 424 1091 non
445 1027 582 1092 videtur.
625 1028 803 1092 Pindarum
827 1028 913 1092 enim
937 1027 978 1091 01.
999 1027 1040 1091 75
1062 1027 1211 1092 floruisse
1229 1031 1375 1094 veterum

98 1149 245 1194 consensu
268 1134 405 1196 constat.
417 1129 441 1215 ¹)
485 1131 533 1194 De
556 1130 732 1196 Simonidis
755 1136 864 1196 autem
887 1134 994 1196 aetate
1023 1130 1181 1196 dissensio
1200 1151 1282 1197 esse
1308 1152 1376 1197 non

96 1237 222 1313 poterat.
267 1231 340 1310 Quo
363 1233 449 1297 enirn
471 1239 619 1314 tempore
642 1239 738 1299 natus
761 1238 856 1311 esset,
878 1233 949 1314 ipse
972 1233 1133 1298 indicavit.
1170 1234 1211 1299 Et
1229 1235 1329 1299 verba
1349 1238 1376 1300 ot

97 1338 125 1400 δὲ
149 1338 193 1400 ἐπὶ
218 1341 269 1420 τῆς
297 1339 338 1424 ξβ’
371 1339 550 1422 ὀλυμπιάδος
582 1357 599 1401 0
630 1336 750 1401 Suidae
779 1337 862 1414 1000,
893 1337 948 1419 qui
978 1337 1019 1401 de
1049 1337 1117 1400 eius
1144 1340 1252 1402 aetate
1281 1343 1339 1416 est,
1348 1336 1374 1423 2)

24 1509 26 1536 ³
98 1439 229 1504 eiciendo
252 1460 324 1504 esse
345 1440 412 1504 iarn
435 1460 534 1522 supra
556 1439 859 1504 demonstravimus.
897 1439 1041 1521 Intellegi
1059 1439 1154 1520 igitur
1171 1460 1238 1504 non
1256 1446 1375 1522 potest,

24 1539 25 1542 ’
98 1543 362 1623 quamobcausam
385 1543 560 1626 olympiadi
580 1543 620 1606 73
643 1543 688 1606 1111
711 1541 842 1625 ascripti
862 1543 936 1620 sint,
956 1562 1038 1624 quos
1058 1542 1084 1606 si
1103 1543 1257 1624 aequales
1276 1545 1376 1610 fuisse

24 1721 25 1728 ἵ
97 1645 328 1728 intemporum
354 1647 468 1711 tabula
495 1646 743 1728 significandum
773 1649 859 1723 erat,
888 1646 958 1711 sola
987 1646 1028 1710 ol.
1052 1645 1093 1709 75
1123 1649 1201 1727 apta
1232 1651 1302 1712 erat
1325 1648 1376 1713 cui
1445 1662 1448 1670 ’

24 1745 26 1780 r
97 1748 329 1814 ascriberentur.
373 1749 464 1814 Idem
492 1749 577 1814 enirn
600 1749 779 1831 significare
802 1748 857 1830 qui
885 1752 1019 1813 conatus
1046 1747 1115 1825 erit,
1141 1749 1211 1830 ipse
1234 1750 1375 1832 reliquas

97 1870 197 1916 omnes
218 1852 346 1934 ineptas
370 1872 442 1917 esse
463 1852 638 1934 intelleget.

24 2035 25 2038 Ἴ
170 1956 261 2020 Nunc
291 1955 334 2020 ad
365 1975 421 2019 eos
450 1959 600 2033 transe0,
635 1956 689 2037 qui
719 1955 806 2036 apud
829 1955 1061 2035 Hieronymum
1092 1955 1132 2021 ol.
1158 1956 1208 2019 70.
1234 1958 1263 2034 1,
1286 1959 1374 2040 apud

24 2057 25 2094 1
96 2059 270 2122 Armenium
305 2059 346 2122 ol.
377 2059 429 2122 69.
461 2058 479 2121 3
508 2058 639 2140 ascripti
665 2062 749 2123 sunt.
804 2057 829 2120 li
859 2077 972 2121 ornnes
1001 2057 1107 2121 neutri
1137 2078 1224 2123 anno
1258 2061 1375 2124 ascribi

24 2201 25 2244 3
96 2161 273 2227 debuerunt.
317 2161 503 2226 Hellanicus
526 2161 626 2239 enim,
654 2181 752 2242 quern
774 2159 910 2225 illitum
931 2160 1028 2224 laude
1049 2161 1197 2225 floruisse
1221 2161 1374 2248 dicunt,³)

96 2265 131 2327 ab
161 2265 228 2329 aliis
262 2264 304 2328 01.
336 2264 373 2328 71
409 2268 506 2329 natus
539 2263 674 2349 1001004)
707 2268 805 2347 atque
840 2267 904 2341 est,
942 2283 997 2328 cur
1031 2283 1105 2328 eum
1132 2265 1237 2330 ,etiam
1271 2266 1374 2332 multo

24 2405 25 2420 .
94 2368 234 2448 posthoc
249 2371 380 2450 tempus
396 2371 511 2431 natum
533 2387 604 2432 esse
626 2367 819 2451 putemus.⁵)
852 2367 1054 2431 Democritus
1077 2371 1204 2446 autem,
1220 2388 1318 2449 quern
1342 2374 1376 2435 et

24 2477 25 2484 ’
95 2469 189 2549 ipsum
214 2470 363 2534 floruisse
390 2470 436 2534 illi
464 2471 583 2550 dicunt,
610 2471 720 2535 multis
747 2471 841 2535 armis
868 2472 944 2552 post
971 2470 1011 2533 ol.
1036 2471 1078 2534 70
1099 2474 1195 2534 natus
1219 2476 1277 2549 est,
1301 2492 1374 2537 curn

24 2585 25 2626 3
95 2591 124 2635 se
143 2573 334 2656 Anaxagora
362 2577 550 2639 senescente
577 2575 725 2639 iuvenem
747 2574 847 2637 fuisse
870 2573 940 2654 ipse
961 2573 1054 2637 testis
1077 2573 1127 2637 sit.
1135 2571 1162 2656 6)
1207 2573 1372 2654 ReliquoS,

24 2661 26 2752 ]
95 2675 141 2755 qui
157 2676 227 2740 loco
245 2677 464 2756 nominantur,
485 2678 673 2742 omittimus.
706 2676 791 2740 Nam
810 2676 917 2740 locum
936 2676 1019 2740 falso
1037 2677 1177 2757 tempori
1197 2676 1373 2758 ascriptum

95 2796 155 2844 esse
176 2779 254 2844 satis
277 2784 423 2860 apparet.

168 2882 312 2946 Tertium
328 2883 436 2946 locum
453 2883 494 2946 de
508 2883 651 2947 Pindaro
667 2883 780 2960 affem,
797 2882 852 2962 qui
867 2879 1021 2966 florens7)
1038 2882 1126 2962 apud
1138 2882 1372 2965 Hieronymum

25 3067 26 3074 ἵ
95 2983 199 3047 0176.
227 2985 263 3061 4,
292 2986 380 3066 apud
406 2985 582 3049 Eusebium
610 2986 701 3049 Arm.
729 2985 770 3048 01.
795 2986 845 3049 77.
874 2986 888 3047 1
921 2984 1079 3065 ascriptus
1113 2985 1262 3051 habetur.
1314 2987 1373 3052 His

25 3087 26 3120 ³
95 3090 192 3150 autem
219 3088 312 3152 annis
340 3088 402 3152 nisi
430 3088 513 3152 falso
540 3089 659 3153 ascribi
680 3109 747 3154 non
768 3089 886 3170 potuit.
931 3087 1013 3152 Nam
1037 3088 1196 3153 Pindarus
1218 3090 1314 3153 tertio
1338 3111 1373 3155 se

25 3195 27 3252 1
95 3188 272 3272 olympiadis
289 3211 376 3256 anno
395 3195 508 3255 natum
527 3211 599 3256 esse
616 3192 685 3273 ipse
702 3192 781 3256 dixit
799 3211 837 3255 ex
853 3210 918 3271 quo
936 3195 1117 3272 appareret.
1126 3189 1153 3275 8)
1186 3192 1234 3256 Ac
1252 3194 1373 3257 florens

25 3311 27 3386 y
93 3289 167 3357 bello
192 3294 322 3359 Persico
349 3294 545 3375 reliquorum
573 3313 732 3360 consensu
760 3294 900 3376 ponitur.
944 3294 1079 3358 Accedit
1100 3314 1194 3372 vero,
1222 3297 1311 3376 quod
1340 3297 1374 3360 in

93 3392 265 3474 Hieronem,
289 3397 343 3478 qui
366 3397 453 3478 apud
475 3391 708 3480 Hieronymum
731 3398 772 3462 01.
791 3399 842 3462 76.
862 3398 893 3475 7,
916 3397 1004 3479 apud
1026 3396 1216 3462 Armenium
1233 3399 1374 3463 01764

94 3500 239 3582 ascriptus
257 3520 296 3564 ac
312 3500 455 3565 Pindaro
473 3501 669 3565 antecedens
687 3505 967 3578 commemoretur,
987 3501 1028 3566 ab
1047 3501 1088 3564 ol.
1102 3501 1153 3564 75.
1172 3501 1192 3564 3
1211 3505 1373 3566 remotum

168 3702 189 3770 ¹)
216 3705 249 3758 of.
266 3705 363 3759 Rohde
380 3706 432 3760 Rh.
450 3706 484 3759 11.
503 3707 549 3771 33,
574 3723 600 3774 p.
620 3706 683 3760 188:
710 3706 772 3771 ,Die
789 3707 945 3775 Ansetzuny
967 3707 1014 3760 der
1036 3707 1108 3776 ἀκμή
1132 3708 1179 3760 des
1202 3707 1303 3761 Pindar
1327 3709 1377 3762 aui

94 3787 130 3840 die
141 3790 195 3844 Zeit
209 3791 257 3845 der
269 3787 380 3860 Πιρσικά
393 3807 450 3844 war
464 3791 600 3846 durchaus
613 3793 772 3861 stereotyp.“
792 3821 826 3831 -
843 3793 883 3846 De
896 3791 1034 3846 Simonide
1049 3794 1082 3847 01.
1097 3794 1194 3848 Rohde
1207 3794 1224 3847 l.
1240 3810 1262 3847 0.
1277 3811 1303 3862 p.
1314 3794 1371 3848 187.

169 3875 190 3943 ²)
216 3875 291 3933 Suid.
310 3893 331 3929 s.
349 3893 374 3929 v.
393 3877 539 3931 Simonidis
557 3878 608 3932 Jul.
627 3907 660 3916 -
679 3879 712 3932 ci.
729 3895 755 3947 p.
777 3878 817 3930 13.
1032 3873 1035 3880 ’

167 3960 190 4030 3)
217 3963 408 4030 Hieronymus:
437 3963 592 4018 Hellanicus
615 3964 822 4032 historiografus
848 3970 875 4018 et
897 3964 1068 4020 Democritus
1093 3966 1216 4021 filosotus
1242 3971 1269 4019 et
1291 3966 1373 4019 Hera·

95 4043 160 4100 clitus
182 4054 362 4116 cognomento
386 4049 546 4103 tenebrosus
569 4055 595 4103 et
618 4051 796 4118 Anaxagoras
819 4049 919 4118 fysicus
942 4050 1006 4104 clari
1027 4050 1170 4105 habentur.
1204 4051 1373 4105 Hellanicum

95 4145 146 4184 cum
162 4134 203 4189 his
219 4134 389 4203 philosophis
406 4134 496 4202 inepte
514 4135 689 4190 coniunctum
707 4151 766 4189 esse
783 4135 956 4189 manifestum
975 4139 1023 4189 est.

169 4218 192 4288 4)
218 4222 246 4275 cf
269 4220 464 4275 biennali.
482 4221 524 4285 31,
543 4221 686 4290 pddsqq.

169 4305 190 4368 5)
215 4307 247 4360 01.
265 4324 291 4361 v.
308 4306 494 4373 Wilamowitz,
513 4306 605 4360 Herm.
621 4307 666 4371 XI,
685 4307 736 4362 797
754 4307 802 4376 qui
820 4325 882 4362 eum
900 4308 934 4362 01.
951 4309 982 4362 81
1003 4308 1111 4361 demum
1129 4308 1184 4361 fere
1202 4313 1297 4360 natum
1315 4324 1373 4362 esse

95 4386 256 4447 demonstrat.

171 4474 192 4543 ⁶)
216 4480 248 4532 ct.
266 4479 345 4544 Diels,
364 4479 382 4531 1.
401 4469 431 4532 o.
442 4496 468 4547 p.
486 4479 599 4533 77-79.

172 4560 192 4628 ⁷)
216 4563 408 4633 Hieronymus:
433 4565 522 4619 clarus
539 4565 662 4630 habetur,
681 4565 778 4619 Euseb.
797 4566 871 4619 Arm.
891 4564 1049 4633 (Schoenelz
1068 4564 1182 4618 florebat
1201 4562 1289 4631 (erat).

170 4646 192 4716 ⁸)
218 4650 249 4704 01.
267 4649 360 4719 Tyoho
379 4650 538 4716 Mommsen,
557 4651 695 4716 Pindaros‚
714 4668 740 4719 p.
759 4651 793 4704 79
808 4668 875 4720 sqq,
895 4651 990 4720 Bergk,
1008 4651 1057 4719 trg.
1079 4651 1135 4704 175.
