3330 5214
811 425 1020 488 ,(50.-

273 599 408 664 Suidam
434 599 607 678 propterea
634 593 848 675 philosophus
876 594 1071 671 nominatur,
1096 595 1184 676 quod
1208 593 1292 660 illius
1315 597 1428 658 auctor
1449 595 1576 673 poetas

274 721 312 766 ac
335 701 508 781 scriptores
530 698 564 762 in
585 711 704 778 genera
727 695 923 761 distribuens
946 697 1148 762 somniorum
1170 698 1342 777 scriptores
1363 694 1577 776 philosophis

273 801 508 868 adnumeravit.
1136 873 1138 878 Ι

359 906 406 970 Ex
422 905 472 982 iis,
489 923 573 984 quae
590 903 697 968 adhuc
709 902 947 984 explicavimus,
959 905 1166 985 perspicuum
1178 906 1227 967 est
1238 895 1576 984 Panyassidis'vitam,

273 1029 357 1091 quae
369 1009 456 1090 apud
468 1007 604 1072 Suidam
616 1009 731 1082 exstat,
749 1025 766 1070 e
783 1005 993 1088 scriptoribus
1011 1007 1138 1072 duobus
1156 1006 1373 1087 conscriptam
1389 1023 1470 1080 esse,
1482 1022 1576 1084 quo-

272 1133 345 1178 rum
363 1112 444 1176 alter
455 1109 633 1192 Panyassin
651 1128 762 1185 unum,
783 1107 865 1172 alter
884 1109 965 1173 duos
987 1109 1164 1174 tradiderit.
1203 1107 1266 1186 Qui
1287 1108 1374 1172 enim
1387 1105 1578 1187 Panyassin

274 1215 400 1296 epicum
425 1216 466 1279 de
488 1212 622 1278 somniis
644 1211 763 1276 librum
787 1211 953 1292 scripsisse
982 1215 1014 1278 et
1034 1214 1252 1295 τερατοσκόπων
1275 1211 1375 1276 fuisse
1398 1210 1491 1285 dixit,
1531 1209 1577 1272 de

242 1337 244 1342 ·
272 1317 471 1399 Panyasside
501 1316 603 1380 altero
629 1314 710 1378 nihil
736 1313 879 1378 tradidit.
931 1314 1039 1396 Atque
1068 1315 1134 1380 iam
1161 1334 1260 1396 supra
1281 1313 1495 1378 intelleximus
1533 1331 1578 1375 ex

273 1420 337 1484 alio
356 1419 511 1500 scriptore
530 1419 661 1498 sumpta
680 1436 752 1482 esse
771 1416 891 1483 Suidae
910 1419 1011 1484 verba
1029 1420 1133 1502 γέγονε
1151 1421 1226 1484 κατὰ
1244 1421 1295 1503 τὴν
1314 1415 1362 1502 οη’
1386 1418 1575 1500 ὀλυμπιάδα·

273 1524 348 1587 κατὰ
376 1523 410 1588 δέ
437 1546 514 1592 τινας
542 1522 646 1606 πολλῷ
673 1521 880 1607 πρεσβύτερος,
910 1541 949 1586 ex
977 1522 1041 1586 alio
1068 1521 1170 1586 verba
1195 1517 1231 1606 ἦν
1255 1521 1381 1586 ἐπὶτῶν
1404 1520 1576 1603 Περσικῶν,

273 1645 357 1706 quae
380 1644 454 1689 cum
476 1624 519 1688 ad
540 1624 596 1688 illa
617 1643 685 1688 non
707 1622 882 1704 quadrent,
913 1624 943 1689 ei
971 1625 1148 1690 attribuere
1176 1624 1246 1688 sine
1274 1622 1374 1688 dubio
1397 1621 1575 1698 debemus

272 1728 327 1810 qui
355 1729 438 1792 duos
460 1725 675 1808 Panyassides
702 1726 834 1792 tradens
867 1727 948 1810 epici
979 1731 1122 1792 aetatem
1151 1746 1218 1791 non
1247 1726 1405 1792 incertam
1426 1723 1574 1805 reliquit.

272 1830 330 1894 illa
345 1830 432 1894 enim
448 1830 491 1894 ad
506 1834 636 1910 tempus
651 1828 760 1893 natale
772 1831 930 1909 spectant,
950 1850 1018 1894 non
1035 1831 1078 1895 ad
1097 1830 1212 1894 aetatis
1227 1829 1352 1906 florem,
1370 1847 1468 1909 quem
1484 1827 1576 1892 haec

272 1933 461 2014 significant.
503 1931 565 2009 Qui
586 1931 681 2013 igitur
704 1931 787 1996 duos
809 1931 1025 2013 Panyassides
1047 1932 1190 2009 tradidit,
1213 1951 1253 1996 ex
1276 1951 1315 1996 eo
1338 1935 1469 2012 sumpta
1491 1935 1575 1994 sunt

272 2036 372 2100 verba
400 2023 436 2120 ἦν
464 2038 511 2100 ἐπὶ
538 2040 597 2100 τῶν
620 2025 774 2120 Περσικῶν
805 2038 837 2098 et
866 2053 950 2116 quae
973 2035 1015 2100 de
1036 2034 1234 2117 Panyasside
1261 2035 1386 2099 minore
1409 2033 1573 2097 feruntur.

272 2140 324 2202 Ad
342 2138 479 2202 alterum
496 2138 684 2218 scriptorem
700 2138 838 2202 redeunt
853 2138 967 2202 verba:
993 2137 1025 2221 l)
1042 2140 1256 2222 τερατοσκόπος
1271 2140 1322 2202 καὶ
1336 2139 1459 2220 ποιητὴς
1476 2138 1573 2214 ἐπῶν,

272 2241 306 2325 2)
336 2243 352 2306 ὁ
377 2243 410 2305 δὲ
431 2241 579 2312 Πανύασις
608 2241 711 2324 γέγονε
733 2242 808 2306 κατὰ
829 2244 882 2325 τὴν
905 2243 956 2323 oq¹
986 2242 1162 2325 ὀλυμπιάδα·
1194 2243 1270 2306 κατὰ
1300 2241 1334 2306 δέ
1362 2265 1439 2312 τινας
1461 2241 1573 2325 πολλῷ

272 2345 478 2431 πρεσβύτερος,
502 2342 535 2426 3)
558 2341 670 2429 ἔγραψε
687 2345 720 2410 δὲ
743 2345 793 2408 καὶ
810 2337 1018 2428 Ἠρακλειάδα
1040 2348 1072 2409 et
1095 2363 1178 2426 quae
1195 2347 1365 2425 praeterea
1381 2343 1424 2406 ad
1447 2343 1574 2422 scripta

272 2447 444 2529 pertinent.
471 2444 631 2526 .Reliqua
657 2449 766 2510 utrum
793 2465 833 2510 ex
859 2446 922 2512 hoc
952 2447 1108 2530 scriptore
1136 2467 1178 2512 an
1201 2467 1241 2512 ex
1263 2447 1317 2510 illo
1339 2447 1471 2525 sumpta
1493 2445 1572 2522 sint,

272 2551 430 2616 incertum
452 2549 672 2630 relinquimus.

357 2652 447 2716 Duos
468 2652 529 2716 hos
551 2652 723 2732 scriptores
745 2654 800 2732 qui
823 2671 961 2734 sequens
982 2654 1081 2716 vitam
1104 2652 1317 2734 Panyassidis,
1345 2651 1450 2732 qualis
1479 2652 1572 2731 apud

274 2755 408 2820 Suidam
430 2759 545 2833 exstat,
569 2755 760 2836 composuit,
783 2756 1007 2837 neglegentem
1026 2775 1061 2820 se
1077 2755 1213 2837 praebet
1231 2774 1270 2818 ac
1287 2774 1403 2836 parum
1423 2755 1570 2819 doctum.

273 2859 378 2940 Supra
399 2859 484 2923 enirn
502 2859 802 2935 demonstravimus,
829 2877 928 2940 quam
950 2859 1060 2940 inepta
1081 2859 1181 2924 verba
1203 2861 1253 2923 καί
1274 2861 1329 2942 γάρ
1352 2858 1426 2934 sint,
1449 2858 1570 2939 quibus

270 2961 371 3026 verba
396 2957 431 3045 ip
454 2963 580 3026 ἐπὶτῶν
603 2962 757 3046 Περσικῶν
780 2962 823 3025 ad
846 2981 885 3026 ea
912 2980 996 3041 quae
1018 2960 1214 3028 antecedunt
1242 2960 1469 3042 adiungantur.
1518 2960 1570 3025 Ac

271 3063 366 3128 simul
395 3063 549 3141 vidimuS,
580 3064 636 3144 qui
664 3064 773 3145 inepta
800 3064 854 3128 illa
880 3065 980 3128 verba
1007 3065 1146 3141 addidit,
1179 3084 1253 3129 eum
1282 3065 1436 3142 nescisse,
1468 3083 1569 3145 quam

272 3168 487 3249 olympiadem
507 3167 607 3230 verba
623 3169 669 3230 ἐπὶ
688 3169 746 3232 τῶν
764 3168 915 3252 Περσικῶν
935 3165 1107 3235 declarent.
1149 3167 1221 3231 Hoc
1239 3168 1440 3248 ignorantiae
1460 3171 1509 3232 est
1528 3187 1569 3231 ac

271 3271 459 3335 securitatis.
482 3269 616 3332 Accedit
631 3271 750 3344 autem,
769 3270 857 3350 quod
867 3269 1089 3350 neglegentiae
1106 3270 1155 3334 sit.
1180 3269 1337 3335 Omittere
1354 3270 1441 3334 enim
1454 3270 1569 3334 debuit

270 3375 344 3454 post
361 3373 460 3437 verba
478 3371 589 3457 ἔγραψε
607 3372 639 3436 δέ
656 3372 851 3436 vocabulum
869 3374 928 3448 καί,
944 3372 999 3453 qui
1017 3373 1137 3437 librum
1156 3373 1356 3438 somniorum
1375 3372 1568 3455 Panyassidi

270 3475 387 3539 minori
411 3474 653 3540 attribuendum
675 3475 899 3555 praetermisit.
930 3474 1037 3556 Atque
1059 3475 1145 3540 idern
1165 3475 1277 3540 debuit
1293 3476 1430 3540 verbum
1446 3501 1568 3560 reparo-

269 3579 379 3650 σκόπσς
407 3578 569 3655 omittere,
606 3577 796 3658 praesertim
827 3597 901 3642 cum
931 3577 1000 3659 ipse
1022 3578 1208 3660 Panyassidi
1246 3579 1336 3660 epico
1365 3582 1401 3643 ut
1426 3579 1568 3646 alterum

270 3682 470 3746 somniorum
496 3680 683 3762 scriptorem
712 3681 887 3758 addiderit,
914 3700 1011 3762 quem
1027 3681 1128 3746 verbo
1154 3685 1370 3767 τερατοσκόπος
1394 3683 1566 3764 significari

269 3786 398 3850 videtur
417 3783 566 3848 nescisse.
1342 3808 1344 3812 ·

357 3887 423 3952 Sed
457 3887 610 3968 quoniam
648 3887 776 3950 illorum
815 3885 1007 3966 scriptorum
1042 3886 1124 3950 aller
1155 3887 1331 3968 Panyassin
1364 3887 1567 3954 somniorum

269 3989 457 4072 scriptorem
490 4009 563 4055 cum
593 3990 683 4071 epico
715 3988 892 4065 coniunxit,
927 3989 1008 4084 alter
1040 4008 1108 4053 non
1136 3990 1225 4067 item,
1259 3991 1482 4071 quaerendum
1507 3995 1565 4068 est,

269 4095 377 4156 utrum
407 4092 497 4173 sequi
527 4093 713 4157 debeamus.
767 4091 857 4169 Quae
887 4112 937 4156 res
968 4093 1038 4157 solo
1066 4093 1166 4157 verbo
1197 4097 1340 4172 νεώτερος
1370 4094 1448 4158 satis
1479 4097 1566 4160 certe

269 4195 409 4260 iudicata
430 4199 524 4272 esset,
548 4196 609 4259 nisi
632 4195 735 4259 altera
750 4195 896 4276 quaestio
915 4196 1094 4271 accederet,
1120 4213 1262 4276 quanam
1284 4197 1325 4260 de
1342 4205 1439 4260 eausa
1457 4196 1565 4278 Pany-

268 4297 347 4361 assis
380 4299 488 4379 epicus
522 4318 597 4362 cum
632 4297 831 4361 somniorum
858 4297 1013 4378 scriptore
1042 4297 1231 4364 coniunctus
1259 4298 1308 4363 sit.
1353 4299 1567 4380 Neglegentia

268 4401 399 4480 quidem
429 4401 552 4465 confusi
582 4401 626 4464 illi
655 4420 723 4464 non
749 4399 907 4464 videntur.
962 4400 1094 4482 Neglegi
1128 4401 1214 4465 enim
1243 4403 1377 4467 verbum
1408 4405 1565 4487 νεώτερος,

269 4523 334 4584 quo
362 4504 561 4586 apertissime
590 4503 835 4585 distinguantur,
864 4523 932 4567 non
959 4503 1073 4584 potuit.
1119 4506 1226 4585 Atque
1258 4504 1383 4569 etiamsi
1410 4504 1566 4586 scripturn

267 4625 335 4670 non
364 4606 469 4686 ipsum
491 4606 667 4687 legebatur,
690 4608 800 4669 tamen
822 4609 968 4671 aetatum
991 4607 1164 4671 discrimen
1185 4607 1311 4688 neglegi
1333 4626 1400 4670 non
1422 4611 1566 4688 poterat,
