<?xml version="1.0" encoding="UTF-8"?>
<!DOCTYPE html PUBLIC "-//W3C//DTD XHTML 1.0 Transitional//EN"
    "http://www.w3.org/TR/xhtml1/DTD/xhtml1-transitional.dtd">
<html xmlns="http://www.w3.org/1999/xhtml" xml:lang="en" lang="en">
 <head>
  <title>
</title>
<meta http-equiv="Content-Type" content="text/html;charset=utf-8" />
  <meta name='ocr-system' content='tesseract 3.04.00' />
  <meta name='ocr-capabilities' content='ocr_page ocr_carea ocr_par ocr_line ocrx_word'/>
</head>
<body>
  <div class='ocr_page' id='page_1' title='image "./depanyasside01kraugoog_0043.png"; bbox 0 0 3330 5214; ppageno 0'>
   <div class='ocr_carea' id='block_1_1' title="bbox 792 436 1003 498">
    <p class='ocr_par' dir='ltr' id='par_1_1' title="bbox 792 436 1003 498">
     <span class='ocr_line' id='line_1_1' title="bbox 792 436 1003 498; baseline 0 -18"><span class='ocrx_word' id='word_1_1' title='bbox 792 436 1003 498; x_wconf 67' lang='lat'>-40-</span> 
     </span>
    </p>
   </div>
   <div class='ocr_carea' id='block_1_2' title="bbox 248 606 1557 4401">
    <p class='ocr_par' dir='ltr' id='par_1_2' title="bbox 251 606 1557 1596">
     <span class='ocr_line' id='line_1_2' title="bbox 254 606 1557 689; baseline 0.002 -20"><span class='ocrx_word' id='word_1_2' title='bbox 254 625 389 670; x_wconf 91' lang='lat' dir='ltr'>numero</span> <span class='ocrx_word' id='word_1_3' title='bbox 420 606 499 686; x_wconf 89' lang='lat' dir='ltr'>quin</span> <span class='ocrx_word' id='word_1_4' title='bbox 534 606 597 670; x_wconf 95' lang='lat' dir='ltr'>hoc</span> <span class='ocrx_word' id='word_1_5' title='bbox 631 606 703 670; x_wconf 91' lang='lat' dir='ltr'>loco</span> <span class='ocrx_word' id='word_1_6' title='bbox 737 606 878 671; x_wconf 84' lang='lat' dir='ltr'>Choerili</span> <span class='ocrx_word' id='word_1_7' title='bbox 911 611 1003 671; x_wconf 86' lang='lat' dir='ltr'>aetas</span> <span class='ocrx_word' id='word_1_8' title='bbox 1038 608 1207 688; x_wconf 89' lang='lat' dir='ltr'>quondam</span> <span class='ocrx_word' id='word_1_9' title='bbox 1239 607 1420 689; x_wconf 88' lang='lat' dir='ltr'>significata</span> <span class='ocrx_word' id='word_1_10' title='bbox 1453 609 1557 672; x_wconf 87' lang='lat' dir='ltr'>fuerit</span> 
     </span>
     <span class='ocr_line' id='line_1_3' title="bbox 251 708 1556 793; baseline 0.002 -21"><span class='ocrx_word' id='word_1_11' title='bbox 251 727 350 772; x_wconf 89' lang='lat' dir='ltr'>nemo</span> <span class='ocrx_word' id='word_1_12' title='bbox 377 708 549 785; x_wconf 79' lang='lat' dir='ltr'>dubitabit,</span> <span class='ocrx_word' id='word_1_13' title='bbox 577 728 651 772; x_wconf 89' lang='lat' dir='ltr'>cum</span> <span class='ocrx_word' id='word_1_14' title='bbox 676 709 720 772; x_wconf 90' lang='lat' dir='ltr'>ad</span> <span class='ocrx_word' id='word_1_15' title='bbox 747 714 890 774; x_wconf 88' lang='lat' dir='ltr'>aetatem</span> <span class='ocrx_word' id='word_1_16' title='bbox 917 709 1162 791; x_wconf 83' lang='lat' dir='ltr'>significandam</span> <span class='ocrx_word' id='word_1_17' title='bbox 1184 712 1286 775; x_wconf 89' lang='lat' dir='ltr'>verba</span> <span class='ocrx_word' id='word_1_18' title='bbox 1307 712 1447 793; x_wconf 77' lang='grc' dir='ltr'><strong>γενέσθαι</strong></span> <span class='ocrx_word' id='word_1_19' title='bbox 1473 715 1556 776; x_wconf 80' lang='grc' dir='ltr'><strong><em>κατὰ</em></strong></span> 
     </span>
     <span class='ocr_line' id='line_1_4' title="bbox 253 798 1557 899; baseline 0.002 -23"><span class='ocrx_word' id='word_1_20' title='bbox 253 812 401 877; x_wconf 75' lang='lat' dir='ltr'>flaviaco</span> <span class='ocrx_word' id='word_1_21' title='bbox 418 821 477 883; x_wconf 85' lang='grc' dir='ltr'>τοῖς</span> <span class='ocrx_word' id='word_1_22' title='bbox 493 814 610 899; x_wconf 83' lang='grc' dir='ltr'>χρόνοις</span> <span class='ocrx_word' id='word_1_23' title='bbox 626 831 693 875; x_wconf 91' lang='lat' dir='ltr'>non</span> <span class='ocrx_word' id='word_1_24' title='bbox 709 812 881 877; x_wconf 82' lang='lat' dir='ltr'>sufficiant.</span> <span class='ocrx_word' id='word_1_25' title='bbox 912 798 1127 894; x_wconf 84' lang='lat' dir='ltr'>Neglegentes</span> <span class='ocrx_word' id='word_1_26' title='bbox 1144 813 1240 894; x_wconf 84' lang='lat' dir='ltr'>igitur</span> <span class='ocrx_word' id='word_1_27' title='bbox 1255 815 1393 878; x_wconf 84' lang='lat' dir='ltr'>verbum</span> <span class='ocrx_word' id='word_1_28' title='bbox 1408 815 1557 897; x_wconf 81' lang='grc' dir='ltr'><strong>γενέσθαι</strong></span> 
     </span>
     <span class='ocr_line' id='line_1_5' title="bbox 251 914 1555 1002; baseline 0.005 -26"><span class='ocrx_word' id='word_1_29' title='bbox 251 914 425 992; x_wconf 84' lang='lat' dir='ltr'>verborum</span> <span class='ocrx_word' id='word_1_30' title='bbox 455 917 532 979; x_wconf 84' lang='grc' dir='ltr'><strong><em>κατὰ</em></strong></span> <span class='ocrx_word' id='word_1_31' title='bbox 560 916 708 981; x_wconf 68' lang='lat' dir='ltr'>ssavicos</span> <span class='ocrx_word' id='word_1_32' title='bbox 738 924 798 988; x_wconf 82' lang='grc' dir='ltr'>τοῖς</span> <span class='ocrx_word' id='word_1_33' title='bbox 826 918 943 1002; x_wconf 76' lang='grc' dir='ltr'><strong>χρόνοις</strong></span> <span class='ocrx_word' id='word_1_34' title='bbox 972 916 1116 980; x_wconf 88' lang='grc'>1010111111</span> <span class='ocrx_word' id='word_1_35' title='bbox 1144 917 1305 981; x_wconf 90' lang='lat' dir='ltr'>rationem</span> <span class='ocrx_word' id='word_1_36' title='bbox 1335 917 1513 995; x_wconf 77' lang='lat' dir='ltr'>habemuS,</span> <span class='ocrx_word' id='word_1_37' title='bbox 1537 938 1555 982; x_wconf 94' lang='lat' dir='ltr'>e</span> 
     </span>
     <span class='ocr_line' id='line_1_6' title="bbox 252 1017 1555 1102; baseline 0.004 -22"><span class='ocrx_word' id='word_1_38' title='bbox 252 1017 370 1098; x_wconf 88' lang='lat' dir='ltr'>quibus</span> <span class='ocrx_word' id='word_1_39' title='bbox 391 1017 471 1081; x_wconf 91' lang='lat' dir='ltr'>nihil</span> <span class='ocrx_word' id='word_1_40' title='bbox 493 1018 632 1099; x_wconf 91' lang='lat' dir='ltr'>amplius</span> <span class='ocrx_word' id='word_1_41' title='bbox 654 1019 861 1101; x_wconf 90' lang='lat' dir='ltr'>perspicuum</span> <span class='ocrx_word' id='word_1_42' title='bbox 884 1022 932 1083; x_wconf 90' lang='lat' dir='ltr'>est</span> <span class='ocrx_word' id='word_1_43' title='bbox 954 1019 1017 1083; x_wconf 89' lang='lat' dir='ltr'>nisi</span> <span class='ocrx_word' id='word_1_44' title='bbox 1039 1018 1225 1084; x_wconf 83' lang='lat' dir='ltr'>Choerilum</span> <span class='ocrx_word' id='word_1_45' title='bbox 1251 1019 1313 1084; x_wconf 89' lang='lat' dir='ltr'>dici</span> <span class='ocrx_word' id='word_1_46' title='bbox 1338 1019 1555 1102; x_wconf 88' lang='lat' dir='ltr'>Panyassidis</span> 
     </span>
     <span class='ocr_line' id='line_1_7' title="bbox 252 1120 1554 1204; baseline 0.003 -20"><span class='ocrx_word' id='word_1_47' title='bbox 252 1120 433 1201; x_wconf 86' lang='lat' dir='ltr'>aequalem.</span> <span class='ocrx_word' id='word_1_48' title='bbox 483 1120 545 1184; x_wconf 90' lang='lat' dir='ltr'>Hic</span> <span class='ocrx_word' id='word_1_49' title='bbox 570 1125 680 1186; x_wconf 88' lang='lat' dir='ltr'>utrum</span> <span class='ocrx_word' id='word_1_50' title='bbox 701 1142 763 1204; x_wconf 90' lang='lat' dir='ltr'>par</span> <span class='ocrx_word' id='word_1_51' title='bbox 784 1126 893 1187; x_wconf 89' lang='lat' dir='ltr'>aetate</span> <span class='ocrx_word' id='word_1_52' title='bbox 916 1142 959 1186; x_wconf 90' lang='lat' dir='ltr'>an</span> <span class='ocrx_word' id='word_1_53' title='bbox 981 1123 1093 1203; x_wconf 79' lang='lat' dir='ltr'>dispar</span> <span class='ocrx_word' id='word_1_54' title='bbox 1115 1122 1221 1199; x_wconf 85' lang='lat' dir='ltr'>luerit,</span> <span class='ocrx_word' id='word_1_55' title='bbox 1242 1123 1344 1187; x_wconf 88' lang='lat' dir='ltr'>verba</span> <span class='ocrx_word' id='word_1_56' title='bbox 1362 1143 1423 1204; x_wconf 89' lang='lat' dir='ltr'>per</span> <span class='ocrx_word' id='word_1_57' title='bbox 1442 1143 1480 1188; x_wconf 89' lang='lat' dir='ltr'>se</span> <span class='ocrx_word' id='word_1_58' title='bbox 1501 1125 1554 1188; x_wconf 93' lang='lat' dir='ltr'>in-</span> 
     </span>
     <span class='ocr_line' id='line_1_8' title="bbox 252 1223 1554 1307; baseline 0.002 -20"><span class='ocrx_word' id='word_1_59' title='bbox 252 1228 377 1287; x_wconf 90' lang='lat' dir='ltr'>certum</span> <span class='ocrx_word' id='word_1_60' title='bbox 403 1223 604 1304; x_wconf 90' lang='lat' dir='ltr'>relinquunt,</span> <span class='ocrx_word' id='word_1_61' title='bbox 639 1245 827 1307; x_wconf 85' lang='lat' dir='ltr'><strong>quanquam</strong></span> <span class='ocrx_word' id='word_1_62' title='bbox 856 1245 1011 1306; x_wconf 88' lang='lat' dir='ltr'>magnum</span> <span class='ocrx_word' id='word_1_63' title='bbox 1039 1225 1157 1289; x_wconf 90' lang='lat' dir='ltr'>aetatis</span> <span class='ocrx_word' id='word_1_64' title='bbox 1187 1225 1362 1291; x_wconf 83' lang='lat' dir='ltr'>discrimen</span> <span class='ocrx_word' id='word_1_65' title='bbox 1390 1245 1460 1291; x_wconf 90' lang='lat' dir='ltr'>uon</span> <span class='ocrx_word' id='word_1_66' title='bbox 1490 1227 1554 1291; x_wconf 90' lang='lat' dir='ltr'>ad-</span> 
     </span>
     <span class='ocr_line' id='line_1_9' title="bbox 252 1326 1556 1407; baseline 0.004 -18"><span class='ocrx_word' id='word_1_67' title='bbox 252 1326 398 1404; x_wconf 89' lang='lat' dir='ltr'>mittunt,</span> <span class='ocrx_word' id='word_1_68' title='bbox 431 1327 622 1407; x_wconf 86' lang='lat' dir='ltr'>praesertim</span> <span class='ocrx_word' id='word_1_69' title='bbox 653 1347 726 1392; x_wconf 91' lang='lat' dir='ltr'>cum</span> <span class='ocrx_word' id='word_1_70' title='bbox 760 1329 794 1392; x_wconf 90' lang='lat' dir='ltr'>in</span> <span class='ocrx_word' id='word_1_71' title='bbox 824 1328 944 1393; x_wconf 87' lang='lat' dir='ltr'>Suidae</span> <span class='ocrx_word' id='word_1_72' title='bbox 973 1328 1047 1392; x_wconf 89' lang='lat' dir='ltr'>vitis</span> <span class='ocrx_word' id='word_1_73' title='bbox 1081 1333 1173 1393; x_wconf 86' lang='lat' dir='ltr'>aetas</span> <span class='ocrx_word' id='word_1_74' title='bbox 1206 1329 1314 1392; x_wconf 89' lang='lat' dir='ltr'>minor</span> <span class='ocrx_word' id='word_1_75' title='bbox 1353 1333 1410 1393; x_wconf 87' lang='lat' dir='ltr'>aut</span> <span class='ocrx_word' id='word_1_76' title='bbox 1443 1331 1556 1394; x_wconf 88' lang='lat' dir='ltr'>maior</span> 
     </span>
     <span class='ocr_line' id='line_1_10' title="bbox 251 1429 1554 1519; baseline 0.004 -28"><span class='ocrx_word' id='word_1_77' title='bbox 251 1429 358 1492; x_wconf 88' lang='lat' dir='ltr'>verbis</span> <span class='ocrx_word' id='word_1_78' title='bbox 380 1432 534 1514; x_wconf 81' lang='grc' dir='ltr'>νεώτερος,</span> <span class='ocrx_word' id='word_1_79' title='bbox 556 1431 764 1518; x_wconf 80' lang='grc' dir='ltr'>πρεσβύτερος,</span> <span class='ocrx_word' id='word_1_80' title='bbox 787 1433 843 1518; x_wconf 80' lang='grc' dir='ltr'>πρό</span> <span class='ocrx_word' id='word_1_81' title='bbox 866 1457 951 1513; x_wconf 81' lang='grc' dir='ltr'>τινος,</span> <span class='ocrx_word' id='word_1_82' title='bbox 975 1434 1048 1514; x_wconf 86' lang='grc' dir='ltr'>μετά</span> <span class='ocrx_word' id='word_1_83' title='bbox 1067 1455 1129 1496; x_wconf 87' lang='grc' dir='ltr'>τινα</span> <span class='ocrx_word' id='word_1_84' title='bbox 1151 1442 1211 1504; x_wconf 88' lang='grc' dir='ltr'><strong>τοῖς</strong></span> <span class='ocrx_word' id='word_1_85' title='bbox 1233 1434 1351 1519; x_wconf 84' lang='grc' dir='ltr'><strong>χρόνοις</strong></span> <span class='ocrx_word' id='word_1_86' title='bbox 1374 1433 1554 1514; x_wconf 78' lang='lat' dir='ltr'>significari</span> 
     </span>
     <span class='ocr_line' id='line_1_11' title="bbox 251 1531 364 1596; baseline 0.009 -2"><span class='ocrx_word' id='word_1_87' title='bbox 251 1531 364 1596; x_wconf 81' lang='lat' dir='ltr'>soleat.</span> 
     </span>
    </p>

    <p class='ocr_par' dir='ltr' id='par_1_3' title="bbox 248 1636 1555 4294">
     <span class='ocr_line' id='line_1_12' title="bbox 336 1636 1554 1721; baseline 0.003 -23"><span class='ocrx_word' id='word_1_88' title='bbox 336 1636 490 1700; x_wconf 85' lang='lat' dir='ltr'>Attamen</span> <span class='ocrx_word' id='word_1_89' title='bbox 525 1657 565 1701; x_wconf 85' lang='lat' dir='ltr'>ex</span> <span class='ocrx_word' id='word_1_90' title='bbox 597 1636 659 1702; x_wconf 90' lang='lat' dir='ltr'>illis</span> <span class='ocrx_word' id='word_1_91' title='bbox 692 1638 800 1702; x_wconf 86' lang='lat' dir='ltr'>verbis</span> <span class='ocrx_word' id='word_1_92' title='bbox 834 1637 875 1701; x_wconf 91' lang='lat' dir='ltr'>de</span> <span class='ocrx_word' id='word_1_93' title='bbox 904 1637 1112 1719; x_wconf 89' lang='lat' dir='ltr'>Panyassidis</span> <span class='ocrx_word' id='word_1_94' title='bbox 1146 1643 1253 1703; x_wconf 86' lang='lat' dir='ltr'>aetate</span> <span class='ocrx_word' id='word_1_95' title='bbox 1285 1639 1407 1720; x_wconf 90' lang='lat' dir='ltr'>aliquid</span> <span class='ocrx_word' id='word_1_96' title='bbox 1441 1639 1554 1721; x_wconf 85' lang='lat' dir='ltr'>colligi</span> 
     </span>
     <span class='ocr_line' id='line_1_13' title="bbox 251 1739 1553 1824; baseline 0.004 -22"><span class='ocrx_word' id='word_1_97' title='bbox 251 1742 370 1820; x_wconf 88' lang='lat' dir='ltr'>potest,</span> <span class='ocrx_word' id='word_1_98' title='bbox 397 1739 424 1802; x_wconf 87' lang='lat' dir='ltr'>si</span> <span class='ocrx_word' id='word_1_99' title='bbox 446 1741 576 1818; x_wconf 71' lang='lat' dir='ltr'>scimus</span> <span class='ocrx_word' id='word_1_100' title='bbox 600 1761 684 1822; x_wconf 82' lang='lat' dir='ltr'>quae</span> <span class='ocrx_word' id='word_1_101' title='bbox 706 1741 803 1805; x_wconf 86' lang='lat' dir='ltr'>fuerit</span> <span class='ocrx_word' id='word_1_102' title='bbox 826 1740 966 1804; x_wconf 85' lang='lat' dir='ltr'>Choerili</span> <span class='ocrx_word' id='word_1_103' title='bbox 989 1744 1090 1805; x_wconf 88' lang='lat' dir='ltr'>aetas.</span> <span class='ocrx_word' id='word_1_104' title='bbox 1135 1743 1165 1806; x_wconf 91' lang='lat' dir='ltr'>ls</span> <span class='ocrx_word' id='word_1_105' title='bbox 1189 1761 1254 1824; x_wconf 92' lang='lat' dir='ltr'>quo</span> <span class='ocrx_word' id='word_1_106' title='bbox 1277 1746 1427 1824; x_wconf 89' lang='lat' dir='ltr'>tempore</span> <span class='ocrx_word' id='word_1_107' title='bbox 1449 1747 1553 1807; x_wconf 90' lang='lat' dir='ltr'>natus</span> 
     </span>
     <span class='ocr_line' id='line_1_14' title="bbox 250 1843 1552 1926; baseline 0.004 -21"><span class='ocrx_word' id='word_1_108' title='bbox 250 1843 302 1919; x_wconf 92' lang='lat' dir='ltr'>sit,</span> <span class='ocrx_word' id='word_1_109' title='bbox 324 1861 391 1906; x_wconf 90' lang='lat' dir='ltr'>non</span> <span class='ocrx_word' id='word_1_110' title='bbox 413 1844 525 1909; x_wconf 86' lang='lat' dir='ltr'>fertur.</span> <span class='ocrx_word' id='word_1_111' title='bbox 569 1844 666 1926; x_wconf 87' lang='lat' dir='ltr'>Apud</span> <span class='ocrx_word' id='word_1_112' title='bbox 689 1843 885 1908; x_wconf 83' lang='lat' dir='ltr'>Archelaum</span> <span class='ocrx_word' id='word_1_113' title='bbox 914 1864 1024 1925; x_wconf 86' lang='lat' dir='ltr'>regem</span> <span class='ocrx_word' id='word_1_114' title='bbox 1047 1863 1255 1909; x_wconf 91' lang='lat' dir='ltr'>commorans</span> <span class='ocrx_word' id='word_1_115' title='bbox 1282 1849 1424 1910; x_wconf 91' lang='lat' dir='ltr'>mortem</span> <span class='ocrx_word' id='word_1_116' title='bbox 1455 1846 1552 1910; x_wconf 87' lang='lat' dir='ltr'>obiit.</span> 
     </span>
     <span class='ocr_line' id='line_1_15' title="bbox 251 1945 1552 2028; baseline 0.002 -19"><span class='ocrx_word' id='word_1_117' title='bbox 251 1945 337 2023; x_wconf 88' lang='lat' dir='ltr'>Quid</span> <span class='ocrx_word' id='word_1_118' title='bbox 367 1950 538 2026; x_wconf 87' lang='lat' dir='ltr'>praeterea</span> <span class='ocrx_word' id='word_1_119' title='bbox 569 1948 610 2011; x_wconf 87' lang='lat' dir='ltr'>de</span> <span class='ocrx_word' id='word_1_120' title='bbox 641 1947 710 2010; x_wconf 89' lang='lat' dir='ltr'>eius</span> <span class='ocrx_word' id='word_1_121' title='bbox 733 1949 841 2011; x_wconf 89' lang='lat' dir='ltr'>aetate</span> <span class='ocrx_word' id='word_1_122' title='bbox 865 1950 1004 2023; x_wconf 88' lang='lat' dir='ltr'>constet,</span> <span class='ocrx_word' id='word_1_123' title='bbox 1028 1947 1095 2011; x_wconf 91' lang='lat' dir='ltr'>iam</span> <span class='ocrx_word' id='word_1_124' title='bbox 1117 1967 1217 2028; x_wconf 89' lang='lat' dir='ltr'>supra</span> <span class='ocrx_word' id='word_1_125' title='bbox 1244 1948 1394 2012; x_wconf 74' lang='lat' dir='ltr'>diximus,</span> <span class='ocrx_word' id='word_1_126' title='bbox 1438 1948 1552 2012; x_wconf 92' lang='lat' dir='ltr'>Hero-</span> 
     </span>
     <span class='ocr_line' id='line_1_16' title="bbox 250 2048 1552 2130; baseline 0.001 -16"><span class='ocrx_word' id='word_1_127' title='bbox 250 2049 339 2126; x_wconf 90' lang='lat' dir='ltr'>dot0,</span> <span class='ocrx_word' id='word_1_128' title='bbox 370 2049 459 2114; x_wconf 89' lang='lat' dir='ltr'>cuius</span> <span class='ocrx_word' id='word_1_129' title='bbox 491 2070 584 2115; x_wconf 91' lang='lat' dir='ltr'>amor</span> <span class='ocrx_word' id='word_1_130' title='bbox 606 2050 705 2114; x_wconf 87' lang='lat' dir='ltr'>fuisse</span> <span class='ocrx_word' id='word_1_131' title='bbox 736 2053 768 2113; x_wconf 87' lang='lat' dir='ltr'>et</span> <span class='ocrx_word' id='word_1_132' title='bbox 800 2049 975 2130; x_wconf 88' lang='lat' dir='ltr'>discipulus</span> <span class='ocrx_word' id='word_1_133' title='bbox 1006 2048 1146 2128; x_wconf 87' lang='lat' dir='ltr'>dicatur,</span> <span class='ocrx_word' id='word_1_134' title='bbox 1176 2054 1284 2116; x_wconf 87' lang='lat' dir='ltr'>aetate</span> <span class='ocrx_word' id='word_1_135' title='bbox 1313 2051 1374 2115; x_wconf 87' lang='lat' dir='ltr'>fuit</span> <span class='ocrx_word' id='word_1_136' title='bbox 1400 2050 1552 2115; x_wconf 89' lang='lat' dir='ltr'>inferior.</span> 
     </span>
     <span class='ocr_line' id='line_1_17' title="bbox 251 2152 1552 2234; baseline 0.003 -18"><span class='ocrx_word' id='word_1_137' title='bbox 251 2152 451 2234; x_wconf 84' lang='lat' dir='ltr'>Olympiadis</span> <span class='ocrx_word' id='word_1_138' title='bbox 474 2154 649 2218; x_wconf 84' lang='grc'>1111111194</span> <span class='ocrx_word' id='word_1_139' title='bbox 674 2152 766 2216; x_wconf 86' lang='lat' dir='ltr'>initio</span> <span class='ocrx_word' id='word_1_140' title='bbox 797 2152 890 2216; x_wconf 89' lang='lat' dir='ltr'>annis</span> <span class='ocrx_word' id='word_1_141' title='bbox 920 2152 986 2215; x_wconf 91' lang='lat' dir='ltr'>iam</span> <span class='ocrx_word' id='word_1_142' title='bbox 1014 2153 1181 2218; x_wconf 88' lang='lat' dir='ltr'>confectus</span> <span class='ocrx_word' id='word_1_143' title='bbox 1208 2154 1308 2218; x_wconf 84' lang='lat' dir='ltr'>luisse</span> <span class='ocrx_word' id='word_1_144' title='bbox 1335 2173 1404 2220; x_wconf 91' lang='lat' dir='ltr'>non</span> <span class='ocrx_word' id='word_1_145' title='bbox 1425 2158 1552 2234; x_wconf 87' lang='lat' dir='ltr'>potest,</span> 
     </span>
     <span class='ocr_line' id='line_1_18' title="bbox 250 2254 1552 2337; baseline 0.003 -18"><span class='ocrx_word' id='word_1_146' title='bbox 250 2275 324 2319; x_wconf 89' lang='lat' dir='ltr'>cum</span> <span class='ocrx_word' id='word_1_147' title='bbox 346 2255 409 2320; x_wconf 91' lang='grc'>1100</span> <span class='ocrx_word' id='word_1_148' title='bbox 430 2256 499 2320; x_wconf 83' lang='grc'>1111</span> <span class='ocrx_word' id='word_1_149' title='bbox 521 2260 671 2337; x_wconf 88' lang='lat' dir='ltr'>tempore</span> <span class='ocrx_word' id='word_1_150' title='bbox 693 2260 729 2319; x_wconf 91' lang='lat' dir='ltr'>ut</span> <span class='ocrx_word' id='word_1_151' title='bbox 750 2254 906 2336; x_wconf 84' lang='lat' dir='ltr'>Lysandri</span> <span class='ocrx_word' id='word_1_152' title='bbox 928 2254 1074 2318; x_wconf 89' lang='lat' dir='ltr'>facinora</span> <span class='ocrx_word' id='word_1_153' title='bbox 1097 2256 1293 2320; x_wconf 85' lang='lat' dir='ltr'>carminibus</span> <span class='ocrx_word' id='word_1_154' title='bbox 1319 2257 1449 2322; x_wconf 87' lang='lat' dir='ltr'>efferret</span> <span class='ocrx_word' id='word_1_155' title='bbox 1478 2259 1552 2323; x_wconf 91' lang='lat' dir='ltr'>eius</span> 
     </span>
     <span class='ocr_line' id='line_1_19' title="bbox 250 2357 1552 2445; baseline 0.002 -23"><span class='ocrx_word' id='word_1_156' title='bbox 250 2378 381 2440; x_wconf 90' lang='lat' dir='ltr'>semper</span> <span class='ocrx_word' id='word_1_157' title='bbox 403 2378 513 2424; x_wconf 89' lang='lat' dir='ltr'>comes</span> <span class='ocrx_word' id='word_1_158' title='bbox 535 2359 632 2423; x_wconf 75' lang='lat' dir='ltr'>irretit</span> <span class='ocrx_word' id='word_1_159' title='bbox 654 2361 686 2422; x_wconf 93' lang='lat' dir='ltr'>et</span> <span class='ocrx_word' id='word_1_160' title='bbox 708 2357 819 2439; x_wconf 91' lang='lat' dir='ltr'>paullo</span> <span class='ocrx_word' id='word_1_161' title='bbox 849 2360 925 2437; x_wconf 90' lang='lat' dir='ltr'>post</span> <span class='ocrx_word' id='word_1_162' title='bbox 954 2357 987 2420; x_wconf 92' lang='lat' dir='ltr'>in</span> <span class='ocrx_word' id='word_1_163' title='bbox 1009 2359 1235 2423; x_wconf 87' lang='lat' dir='ltr'>Macedoniam</span> <span class='ocrx_word' id='word_1_164' title='bbox 1265 2380 1301 2424; x_wconf 90' lang='lat' dir='ltr'>se</span> <span class='ocrx_word' id='word_1_165' title='bbox 1331 2360 1518 2426; x_wconf 85' lang='lat' dir='ltr'>contulerit.</span> <span class='ocrx_word' id='word_1_166' title='bbox 1526 2361 1552 2445; x_wconf 76' lang='lat'>¹)</span> 
     </span>
     <span class='ocr_line' id='line_1_20' title="bbox 249 2460 1553 2544; baseline 0.002 -18"><span class='ocrx_word' id='word_1_167' title='bbox 249 2461 333 2526; x_wconf 90' lang='lat' dir='ltr'>Hinc</span> <span class='ocrx_word' id='word_1_168' title='bbox 352 2463 431 2526; x_wconf 89' lang='lat' dir='ltr'>satis</span> <span class='ocrx_word' id='word_1_169' title='bbox 450 2465 596 2544; x_wconf 87' lang='lat' dir='ltr'>apparet,</span> <span class='ocrx_word' id='word_1_170' title='bbox 620 2480 684 2542; x_wconf 86' lang='grc'>11110</span> <span class='ocrx_word' id='word_1_171' title='bbox 704 2461 772 2524; x_wconf 85' lang='grc'>1111</span> <span class='ocrx_word' id='word_1_172' title='bbox 789 2464 937 2540; x_wconf 89' lang='lat' dir='ltr'>tempore</span> <span class='ocrx_word' id='word_1_173' title='bbox 959 2460 1129 2525; x_wconf 90' lang='lat' dir='ltr'>Choerilus</span> <span class='ocrx_word' id='word_1_174' title='bbox 1151 2466 1248 2527; x_wconf 89' lang='lat' dir='ltr'>natus</span> <span class='ocrx_word' id='word_1_175' title='bbox 1270 2464 1321 2528; x_wconf 88' lang='lat' dir='ltr'>sit.</span> <span class='ocrx_word' id='word_1_176' title='bbox 1357 2464 1441 2528; x_wconf 90' lang='lat' dir='ltr'>Cum</span> <span class='ocrx_word' id='word_1_177' title='bbox 1460 2465 1553 2528; x_wconf 90' lang='lat' dir='ltr'>enim</span> 
     </span>
     <span class='ocr_line' id='line_1_21' title="bbox 249 2563 1551 2646; baseline 0.005 -19"><span class='ocrx_word' id='word_1_178' title='bbox 249 2564 408 2629; x_wconf 89' lang='lat' dir='ltr'>Herodoti</span> <span class='ocrx_word' id='word_1_179' title='bbox 429 2569 559 2646; x_wconf 89' lang='lat' dir='ltr'>tempus</span> <span class='ocrx_word' id='word_1_180' title='bbox 581 2564 690 2628; x_wconf 88' lang='lat' dir='ltr'>natale</span> <span class='ocrx_word' id='word_1_181' title='bbox 714 2564 801 2644; x_wconf 88' lang='lat' dir='ltr'>apud</span> <span class='ocrx_word' id='word_1_182' title='bbox 822 2566 949 2627; x_wconf 89' lang='lat' dir='ltr'>veteres</span> <span class='ocrx_word' id='word_1_183' title='bbox 972 2563 1276 2644; x_wconf 78' lang='grc'>1110174110111111</span> <span class='ocrx_word' id='word_1_184' title='bbox 1299 2567 1351 2644; x_wconf 88' lang='lat' dir='ltr'>sit,</span> <span class='ocrx_word' id='word_1_185' title='bbox 1374 2567 1551 2633; x_wconf 89' lang='lat' dir='ltr'>Choerilus</span> 
     </span>
     <span class='ocr_line' id='line_1_22' title="bbox 249 2667 1552 2752; baseline 0.004 -22"><span class='ocrx_word' id='word_1_186' title='bbox 249 2672 284 2732; x_wconf 85' lang='lat' dir='ltr'>ut</span> <span class='ocrx_word' id='word_1_187' title='bbox 297 2667 455 2732; x_wconf 85' lang='lat' dir='ltr'>Herodoti</span> <span class='ocrx_word' id='word_1_188' title='bbox 473 2667 646 2749; x_wconf 88' lang='lat' dir='ltr'>discipulus</span> <span class='ocrx_word' id='word_1_189' title='bbox 662 2667 828 2747; x_wconf 83' lang='lat' dir='ltr'>aliquanto</span> <span class='ocrx_word' id='word_1_190' title='bbox 844 2670 919 2746; x_wconf 90' lang='lat' dir='ltr'>post</span> <span class='ocrx_word' id='word_1_191' title='bbox 937 2685 1009 2730; x_wconf 89' lang='lat' dir='ltr'>eam</span> <span class='ocrx_word' id='word_1_192' title='bbox 1021 2669 1119 2731; x_wconf 90' lang='lat' dir='ltr'>natus</span> <span class='ocrx_word' id='word_1_193' title='bbox 1132 2669 1297 2748; x_wconf 87' lang='lat' dir='ltr'>putandus</span> <span class='ocrx_word' id='word_1_194' title='bbox 1309 2674 1368 2734; x_wconf 87' lang='lat' dir='ltr'>est.</span> <span class='ocrx_word' id='word_1_195' title='bbox 1392 2670 1461 2734; x_wconf 89' lang='lat' dir='ltr'>Nec</span> <span class='ocrx_word' id='word_1_196' title='bbox 1473 2671 1552 2752; x_wconf 90' lang='lat' dir='ltr'>plus</span> 
     </span>
     <span class='ocr_line' id='line_1_23' title="bbox 250 2769 1549 2854; baseline 0.003 -20"><span class='ocrx_word' id='word_1_197' title='bbox 250 2771 455 2852; x_wconf 87' lang='lat' dir='ltr'>septuaginta</span> <span class='ocrx_word' id='word_1_198' title='bbox 466 2789 626 2834; x_wconf 88' lang='lat' dir='ltr'>annorum</span> <span class='ocrx_word' id='word_1_199' title='bbox 645 2787 744 2833; x_wconf 84' lang='lat' dir='ltr'>senex</span> <span class='ocrx_word' id='word_1_200' title='bbox 760 2769 859 2832; x_wconf 86' lang='lat' dir='ltr'>fuisse</span> <span class='ocrx_word' id='word_1_201' title='bbox 876 2773 994 2850; x_wconf 88' lang='lat' dir='ltr'>potest,</span> <span class='ocrx_word' id='word_1_202' title='bbox 1014 2790 1088 2834; x_wconf 89' lang='lat' dir='ltr'>eum</span> <span class='ocrx_word' id='word_1_203' title='bbox 1105 2775 1245 2835; x_wconf 84' lang='lat' dir='ltr'>mortem</span> <span class='ocrx_word' id='word_1_204' title='bbox 1260 2773 1375 2851; x_wconf 89' lang='lat' dir='ltr'>obiret,</span> <span class='ocrx_word' id='word_1_205' title='bbox 1388 2775 1549 2854; x_wconf 89' lang='lat' dir='ltr'>quoniam</span> 
     </span>
     <span class='ocr_line' id='line_1_24' title="bbox 249 2870 1551 2957; baseline 0.005 -21"><span class='ocrx_word' id='word_1_206' title='bbox 249 2893 316 2936; x_wconf 90' lang='lat' dir='ltr'>non</span> <span class='ocrx_word' id='word_1_207' title='bbox 332 2873 433 2937; x_wconf 91' lang='lat' dir='ltr'>multo</span> <span class='ocrx_word' id='word_1_208' title='bbox 451 2875 527 2936; x_wconf 90' lang='grc'>11111</span> <span class='ocrx_word' id='word_1_209' title='bbox 544 2891 617 2936; x_wconf 89' lang='lat' dir='ltr'>eam</span> <span class='ocrx_word' id='word_1_210' title='bbox 629 2870 794 2951; x_wconf 89' lang='lat' dir='ltr'>Lysandro</span> <span class='ocrx_word' id='word_1_211' title='bbox 811 2891 846 2934; x_wconf 89' lang='lat' dir='ltr'>se</span> <span class='ocrx_word' id='word_1_212' title='bbox 860 2871 1012 2936; x_wconf 89' lang='lat' dir='ltr'>comitem</span> <span class='ocrx_word' id='word_1_213' title='bbox 1028 2873 1183 2938; x_wconf 81' lang='lat' dir='ltr'>adiunxit.</span> <span class='ocrx_word' id='word_1_214' title='bbox 1213 2875 1327 2957; x_wconf 88' lang='lat' dir='ltr'>ltaque</span> <span class='ocrx_word' id='word_1_215' title='bbox 1337 2875 1493 2955; x_wconf 89' lang='lat' dir='ltr'>Naekius‚</span> <span class='ocrx_word' id='word_1_216' title='bbox 1512 2883 1551 2942; x_wconf 90' lang='grc'>111</span> 
     </span>
     <span class='ocr_line' id='line_1_25' title="bbox 248 2973 1550 3057; baseline 0.007 -19"><span class='ocrx_word' id='word_1_217' title='bbox 248 2976 346 3057; x_wconf 94' lang='lat' dir='ltr'>pleno</span> <span class='ocrx_word' id='word_1_218' title='bbox 359 2994 495 3040; x_wconf 88' lang='lat' dir='ltr'>numero</span> <span class='ocrx_word' id='word_1_219' title='bbox 507 2978 660 3051; x_wconf 88' lang='lat' dir='ltr'>uteretur,</span> <span class='ocrx_word' id='word_1_220' title='bbox 673 2973 877 3056; x_wconf 83' lang='lat' dir='ltr'>septuaginta</span> <span class='ocrx_word' id='word_1_221' title='bbox 892 2994 1051 3038; x_wconf 88' lang='lat' dir='ltr'>annorum</span> <span class='ocrx_word' id='word_1_222' title='bbox 1066 2995 1179 3040; x_wconf 91' lang='lat' dir='ltr'>senem</span> <span class='ocrx_word' id='word_1_223' title='bbox 1192 2997 1265 3042; x_wconf 89' lang='lat' dir='ltr'>eum</span> <span class='ocrx_word' id='word_1_224' title='bbox 1277 2983 1419 3043; x_wconf 89' lang='lat' dir='ltr'>mortem</span> <span class='ocrx_word' id='word_1_225' title='bbox 1434 2981 1550 3048; x_wconf 89' lang='lat' dir='ltr'>obisse</span> 
     </span>
     <span class='ocr_line' id='line_1_26' title="bbox 250 3076 1551 3164; baseline 0.005 -22"><span class='ocrx_word' id='word_1_226' title='bbox 250 3082 396 3142; x_wconf 86' lang='lat' dir='ltr'>statuens</span> <span class='ocrx_word' id='word_1_227' title='bbox 428 3096 550 3142; x_wconf 89' lang='lat' dir='ltr'>annum</span> <span class='ocrx_word' id='word_1_228' title='bbox 577 3076 721 3140; x_wconf 88' lang='lat' dir='ltr'>natalem</span> <span class='ocrx_word' id='word_1_229' title='bbox 751 3077 784 3140; x_wconf 91' lang='lat' dir='ltr'>in</span> <span class='ocrx_word' id='word_1_230' title='bbox 815 3077 856 3140; x_wconf 94' lang='lat' dir='ltr'>ol.</span> <span class='ocrx_word' id='word_1_231' title='bbox 881 3078 921 3142; x_wconf 87' lang='lat'>77</span> <span class='ocrx_word' id='word_1_232' title='bbox 952 3079 1075 3160; x_wconf 86' lang='lat' dir='ltr'>posuit,</span> <span class='ocrx_word' id='word_1_233' title='bbox 1107 3081 1196 3160; x_wconf 89' lang='lat' dir='ltr'>quod</span> <span class='ocrx_word' id='word_1_234' title='bbox 1227 3084 1372 3164; x_wconf 90' lang='lat' dir='ltr'>tempus,</span> <span class='ocrx_word' id='word_1_235' title='bbox 1404 3087 1440 3148; x_wconf 90' lang='lat' dir='ltr'>ut</span> <span class='ocrx_word' id='word_1_236' title='bbox 1473 3103 1551 3148; x_wconf 90' lang='lat' dir='ltr'>curn</span> 
     </span>
     <span class='ocr_line' id='line_1_27' title="bbox 250 3179 1551 3268; baseline 0.005 -23"><span class='ocrx_word' id='word_1_237' title='bbox 250 3182 401 3245; x_wconf 89' lang='lat' dir='ltr'>omnibus</span> <span class='ocrx_word' id='word_1_238' title='bbox 424 3181 465 3244; x_wconf 91' lang='lat' dir='ltr'>de</span> <span class='ocrx_word' id='word_1_239' title='bbox 489 3179 629 3244; x_wconf 91' lang='lat' dir='ltr'>Choerili</span> <span class='ocrx_word' id='word_1_240' title='bbox 652 3182 759 3243; x_wconf 88' lang='lat' dir='ltr'>aetate</span> <span class='ocrx_word' id='word_1_241' title='bbox 781 3180 975 3244; x_wconf 86' lang='lat' dir='ltr'>testimoniis</span> <span class='ocrx_word' id='word_1_242' title='bbox 998 3183 1162 3260; x_wconf 87' lang='lat' dir='ltr'>convenit,</span> <span class='ocrx_word' id='word_1_243' title='bbox 1193 3203 1214 3248; x_wconf 88' lang='lat' dir='ltr'>a</span> <span class='ocrx_word' id='word_1_244' title='bbox 1241 3203 1318 3248; x_wconf 89' lang='lat' dir='ltr'>vero</span> <span class='ocrx_word' id='word_1_245' title='bbox 1341 3204 1410 3248; x_wconf 90' lang='lat' dir='ltr'>non</span> <span class='ocrx_word' id='word_1_246' title='bbox 1431 3188 1551 3268; x_wconf 88' lang='lat' dir='ltr'>procul</span> 
     </span>
     <span class='ocr_line' id='line_1_28' title="bbox 250 3282 1552 3368; baseline 0.005 -20"><span class='ocrx_word' id='word_1_247' title='bbox 250 3285 353 3348; x_wconf 87' lang='lat' dir='ltr'>abest.</span> <span class='ocrx_word' id='word_1_248' title='bbox 392 3283 460 3348; x_wconf 92' lang='lat' dir='ltr'>Iam</span> <span class='ocrx_word' id='word_1_249' title='bbox 483 3282 579 3359; x_wconf 91' lang='lat' dir='ltr'>enim,</span> <span class='ocrx_word' id='word_1_250' title='bbox 603 3283 654 3346; x_wconf 92' lang='lat' dir='ltr'>cui</span> <span class='ocrx_word' id='word_1_251' title='bbox 676 3282 852 3364; x_wconf 90' lang='lat' dir='ltr'>olympiadi</span> <span class='ocrx_word' id='word_1_252' title='bbox 873 3286 970 3346; x_wconf 89' lang='lat' dir='ltr'>natus</span> <span class='ocrx_word' id='word_1_253' title='bbox 994 3283 1164 3349; x_wconf 90' lang='lat' dir='ltr'>Choerilus</span> <span class='ocrx_word' id='word_1_254' title='bbox 1187 3287 1346 3368; x_wconf 88' lang='lat' dir='ltr'>ascriptus</span> <span class='ocrx_word' id='word_1_255' title='bbox 1370 3289 1420 3366; x_wconf 91' lang='lat' dir='ltr'>sit,</span> <span class='ocrx_word' id='word_1_256' title='bbox 1443 3291 1552 3356; x_wconf 89' lang='lat' dir='ltr'>verba</span> 
     </span>
     <span class='ocr_line' id='line_1_29' title="bbox 250 3387 1555 3474; baseline 0.005 -23"><span class='ocrx_word' id='word_1_257' title='bbox 250 3389 326 3451; x_wconf 82' lang='grc' dir='ltr'>κατὰ</span> <span class='ocrx_word' id='word_1_258' title='bbox 360 3387 507 3452; x_wconf 75' lang='grc' dir='ltr'>Πανύασιν</span> <span class='ocrx_word' id='word_1_259' title='bbox 546 3392 607 3456; x_wconf 81' lang='grc' dir='ltr'>τοῖς</span> <span class='ocrx_word' id='word_1_260' title='bbox 644 3387 760 3472; x_wconf 79' lang='grc' dir='ltr'>χρόνοις</span> <span class='ocrx_word' id='word_1_261' title='bbox 799 3387 894 3450; x_wconf 88' lang='lat' dir='ltr'>nobis</span> <span class='ocrx_word' id='word_1_262' title='bbox 929 3387 1087 3466; x_wconf 83' lang='lat' dir='ltr'>indicant,</span> <span class='ocrx_word' id='word_1_263' title='bbox 1127 3390 1283 3468; x_wconf 84' lang='lat' dir='ltr'>quoniam</span> <span class='ocrx_word' id='word_1_264' title='bbox 1321 3391 1452 3457; x_wconf 81' lang='lat' dir='ltr'>fuerunt</span> <span class='ocrx_word' id='word_1_265' title='bbox 1491 3395 1555 3474; x_wconf 78' lang='lat' dir='ltr'>qul</span> 
     </span>
     <span class='ocr_line' id='line_1_30' title="bbox 249 3488 1549 3576; baseline 0.006 -22"><span class='ocrx_word' id='word_1_266' title='bbox 249 3489 428 3572; x_wconf 83' lang='lat' dir='ltr'>Panyassin</span> <span class='ocrx_word' id='word_1_267' title='bbox 451 3489 492 3552; x_wconf 91' lang='lat' dir='ltr'>ol.</span> <span class='ocrx_word' id='word_1_268' title='bbox 517 3488 558 3551; x_wconf 88' lang='lat'>78</span> <span class='ocrx_word' id='word_1_269' title='bbox 586 3492 698 3553; x_wconf 89' lang='lat' dir='ltr'>natum</span> <span class='ocrx_word' id='word_1_270' title='bbox 722 3488 875 3554; x_wconf 88' lang='lat' dir='ltr'>dicerent.</span> <span class='ocrx_word' id='word_1_271' title='bbox 921 3489 1029 3568; x_wconf 87' lang='lat' dir='ltr'>Quare</span> <span class='ocrx_word' id='word_1_272' title='bbox 1052 3495 1189 3572; x_wconf 87' lang='lat' dir='ltr'>apparet</span> <span class='ocrx_word' id='word_1_273' title='bbox 1216 3492 1418 3572; x_wconf 84' lang='lat' dir='ltr'>Choerilum,</span> <span class='ocrx_word' id='word_1_274' title='bbox 1446 3515 1549 3576; x_wconf 90' lang='lat' dir='ltr'>quem</span> 
     </span>
     <span class='ocr_line' id='line_1_31' title="bbox 251 3591 1551 3681; baseline 0.007 -26"><span class='ocrx_word' id='word_1_275' title='bbox 251 3593 334 3656; x_wconf 89' lang='lat' dir='ltr'>circa</span> <span class='ocrx_word' id='word_1_276' title='bbox 357 3592 398 3655; x_wconf 92' lang='lat' dir='ltr'>ol.</span> <span class='ocrx_word' id='word_1_277' title='bbox 425 3591 465 3654; x_wconf 97' lang='grc'>77</span> <span class='ocrx_word' id='word_1_278' title='bbox 494 3595 609 3657; x_wconf 88' lang='lat' dir='ltr'>natum</span> <span class='ocrx_word' id='word_1_279' title='bbox 637 3612 708 3656; x_wconf 89' lang='lat' dir='ltr'>esse</span> <span class='ocrx_word' id='word_1_280' title='bbox 734 3596 877 3674; x_wconf 91' lang='lat' dir='ltr'>oportet,</span> <span class='ocrx_word' id='word_1_281' title='bbox 907 3593 1013 3657; x_wconf 91' lang='lat' dir='ltr'>eidem</span> <span class='ocrx_word' id='word_1_282' title='bbox 1039 3594 1214 3676; x_wconf 92' lang='lat' dir='ltr'>olympiadi</span> <span class='ocrx_word' id='word_1_283' title='bbox 1241 3597 1342 3661; x_wconf 87' lang='lat' dir='ltr'>natali</span> <span class='ocrx_word' id='word_1_284' title='bbox 1368 3599 1551 3681; x_wconf 87' lang='lat' dir='ltr'>ascriptum</span> 
     </span>
     <span class='ocr_line' id='line_1_32' title="bbox 250 3694 1549 3785; baseline 0.005 -26"><span class='ocrx_word' id='word_1_285' title='bbox 250 3714 321 3759; x_wconf 87' lang='lat' dir='ltr'>esse</span> <span class='ocrx_word' id='word_1_286' title='bbox 344 3714 382 3759; x_wconf 91' lang='lat' dir='ltr'>ac</span> <span class='ocrx_word' id='word_1_287' title='bbox 404 3694 592 3775; x_wconf 88' lang='lat' dir='ltr'>Panyassin,</span> <span class='ocrx_word' id='word_1_288' title='bbox 616 3695 735 3777; x_wconf 90' lang='lat' dir='ltr'>quippe</span> <span class='ocrx_word' id='word_1_289' title='bbox 757 3696 813 3778; x_wconf 88' lang='lat' dir='ltr'>qui</span> <span class='ocrx_word' id='word_1_290' title='bbox 836 3696 903 3760; x_wconf 89' lang='lat' dir='ltr'>eius</span> <span class='ocrx_word' id='word_1_291' title='bbox 926 3698 1088 3783; x_wconf 72' lang='grc' dir='ltr'>σύγχρονος</span> <span class='ocrx_word' id='word_1_292' title='bbox 1110 3698 1215 3763; x_wconf 87' lang='grc'>1111111.</span> <span class='ocrx_word' id='word_1_293' title='bbox 1249 3699 1335 3764; x_wconf 87' lang='lat' dir='ltr'>Nam</span> <span class='ocrx_word' id='word_1_294' title='bbox 1357 3702 1413 3782; x_wconf 91' lang='lat' dir='ltr'>qui</span> <span class='ocrx_word' id='word_1_295' title='bbox 1436 3701 1549 3785; x_wconf 88' lang='lat' dir='ltr'>Pany-</span> 
     </span>
     <span class='ocr_line' id='line_1_33' title="bbox 249 3797 1549 3887; baseline 0.005 -26"><span class='ocrx_word' id='word_1_296' title='bbox 249 3797 347 3874; x_wconf 85' lang='lat' dir='ltr'>assin,</span> <span class='ocrx_word' id='word_1_297' title='bbox 371 3797 459 3877; x_wconf 89' lang='lat' dir='ltr'>quod</span> <span class='ocrx_word' id='word_1_298' title='bbox 482 3797 566 3862; x_wconf 89' lang='lat' dir='ltr'>circa</span> <span class='ocrx_word' id='word_1_299' title='bbox 589 3797 630 3861; x_wconf 94' lang='lat' dir='ltr'>ol.</span> <span class='ocrx_word' id='word_1_300' title='bbox 654 3799 696 3862; x_wconf 88' lang='lat'>80</span> <span class='ocrx_word' id='word_1_301' title='bbox 718 3803 852 3863; x_wconf 90' lang='lat' dir='ltr'>necatus</span> <span class='ocrx_word' id='word_1_302' title='bbox 876 3802 939 3876; x_wconf 89' lang='lat' dir='ltr'>est,</span> <span class='ocrx_word' id='word_1_303' title='bbox 964 3799 1139 3882; x_wconf 89' lang='lat' dir='ltr'>olympiadi</span> <span class='ocrx_word' id='word_1_304' title='bbox 1163 3802 1203 3865; x_wconf 86' lang='lat'>75</span> <span class='ocrx_word' id='word_1_305' title='bbox 1225 3803 1399 3867; x_wconf 87' lang='lat' dir='ltr'>florentem</span> <span class='ocrx_word' id='word_1_306' title='bbox 1421 3805 1549 3887; x_wconf 88' lang='lat' dir='ltr'>ascrip-</span> 
     </span>
     <span class='ocr_line' id='line_1_34' title="bbox 250 3899 1551 3988; baseline 0.008 -24"><span class='ocrx_word' id='word_1_307' title='bbox 250 3904 370 3976; x_wconf 87' lang='lat' dir='ltr'>senmt,</span> <span class='ocrx_word' id='word_1_308' title='bbox 388 3899 573 3964; x_wconf 90' lang='lat' dir='ltr'>Choerilum</span> <span class='ocrx_word' id='word_1_309' title='bbox 591 3900 659 3964; x_wconf 91' lang='lat' dir='ltr'>eius</span> <span class='ocrx_word' id='word_1_310' title='bbox 677 3901 847 3982; x_wconf 87' lang='lat' dir='ltr'>aequalem</span> <span class='ocrx_word' id='word_1_311' title='bbox 866 3901 928 3965; x_wconf 90' lang='lat' dir='ltr'>nisi</span> <span class='ocrx_word' id='word_1_312' title='bbox 946 3902 1054 3984; x_wconf 90' lang='lat' dir='ltr'>inepte</span> <span class='ocrx_word' id='word_1_313' title='bbox 1074 3903 1180 3968; x_wconf 90' lang='lat' dir='ltr'>dicere</span> <span class='ocrx_word' id='word_1_314' title='bbox 1196 3925 1264 3968; x_wconf 88' lang='lat' dir='ltr'>non</span> <span class='ocrx_word' id='word_1_315' title='bbox 1283 3909 1445 3988; x_wconf 87' lang='lat' dir='ltr'>poterant.</span> <span class='ocrx_word' id='word_1_316' title='bbox 1482 3908 1551 3986; x_wconf 92' lang='lat' dir='ltr'>Qui</span> 
     </span>
     <span class='ocr_line' id='line_1_35' title="bbox 250 4004 1551 4092; baseline 0.008 -26"><span class='ocrx_word' id='word_1_317' title='bbox 250 4006 360 4067; x_wconf 90' lang='lat' dir='ltr'>autem</span> <span class='ocrx_word' id='word_1_318' title='bbox 388 4004 540 4085; x_wconf 86' lang='lat' dir='ltr'>aequales</span> <span class='ocrx_word' id='word_1_319' title='bbox 567 4023 624 4067; x_wconf 92' lang='lat' dir='ltr'>eos</span> <span class='ocrx_word' id='word_1_320' title='bbox 654 4004 816 4081; x_wconf 86' lang='lat' dir='ltr'>dixerunt,</span> <span class='ocrx_word' id='word_1_321' title='bbox 845 4004 877 4067; x_wconf 94' lang='lat' dir='ltr'>in</span> <span class='ocrx_word' id='word_1_322' title='bbox 906 4004 1145 4086; x_wconf 90' lang='lat' dir='ltr'>olympiadibus</span> <span class='ocrx_word' id='word_1_323' title='bbox 1172 4007 1306 4072; x_wconf 87' lang='lat' dir='ltr'>diversis</span> <span class='ocrx_word' id='word_1_324' title='bbox 1335 4010 1551 4092; x_wconf 89' lang='lat' dir='ltr'>paullumque</span> 
     </span>
     <span class='ocr_line' id='line_1_36' title="bbox 251 4105 1552 4190; baseline 0.008 -21"><span class='ocrx_word' id='word_1_325' title='bbox 251 4105 445 4170; x_wconf 89' lang='lat' dir='ltr'>distantibus</span> <span class='ocrx_word' id='word_1_326' title='bbox 463 4125 574 4170; x_wconf 89' lang='lat' dir='ltr'>eorum</span> <span class='ocrx_word' id='word_1_327' title='bbox 592 4111 743 4188; x_wconf 90' lang='lat' dir='ltr'>tempora</span> <span class='ocrx_word' id='word_1_328' title='bbox 759 4107 881 4171; x_wconf 88' lang='lat' dir='ltr'>natalia</span> <span class='ocrx_word' id='word_1_329' title='bbox 898 4107 1047 4188; x_wconf 90' lang='lat' dir='ltr'>posuisse</span> <span class='ocrx_word' id='word_1_330' title='bbox 1064 4129 1131 4173; x_wconf 90' lang='lat' dir='ltr'>non</span> <span class='ocrx_word' id='word_1_331' title='bbox 1148 4114 1280 4190; x_wconf 89' lang='lat' dir='ltr'>queunt.</span> <span class='ocrx_word' id='word_1_332' title='bbox 1313 4112 1386 4177; x_wconf 89' lang='lat' dir='ltr'>Hoc</span> <span class='ocrx_word' id='word_1_333' title='bbox 1409 4114 1496 4178; x_wconf 89' lang='lat' dir='ltr'>enim</span> <span class='ocrx_word' id='word_1_334' title='bbox 1522 4117 1552 4180; x_wconf 90' lang='lat' dir='ltr'>si</span> 
     </span>
     <span class='ocr_line' id='line_1_37' title="bbox 250 4209 1552 4294; baseline 0.008 -22"><span class='ocrx_word' id='word_1_335' title='bbox 250 4209 415 4287; x_wconf 66' lang='lat' dir='ltr'>“issent,</span> <span class='ocrx_word' id='word_1_336' title='bbox 447 4209 614 4291; x_wconf 88' lang='lat' dir='ltr'>utriusque</span> <span class='ocrx_word' id='word_1_337' title='bbox 643 4213 773 4291; x_wconf 89' lang='lat' dir='ltr'>tempus</span> <span class='ocrx_word' id='word_1_338' title='bbox 801 4210 910 4274; x_wconf 89' lang='lat' dir='ltr'>natale</span> <span class='ocrx_word' id='word_1_339' title='bbox 934 4212 1107 4291; x_wconf 84' lang='lat' dir='ltr'>oportebat</span> <span class='ocrx_word' id='word_1_340' title='bbox 1131 4213 1336 4294; x_wconf 88' lang='lat' dir='ltr'>exploratum</span> <span class='ocrx_word' id='word_1_341' title='bbox 1359 4236 1398 4281; x_wconf 90' lang='lat' dir='ltr'>ac</span> <span class='ocrx_word' id='word_1_342' title='bbox 1421 4221 1552 4282; x_wconf 89' lang='lat' dir='ltr'>certum</span> 
     </span>
    </p>

    <p class='ocr_par' dir='ltr' id='par_1_4' title="bbox 332 4312 1550 4401">
     <span class='ocr_line' id='line_1_38' title="bbox 332 4312 1550 4401; baseline 0.007 -26"><span class='ocrx_word' id='word_1_343' title='bbox 332 4332 360 4388; x_wconf 90' lang='lat' dir='ltr'>e,</span> <span class='ocrx_word' id='word_1_344' title='bbox 382 4312 415 4375; x_wconf 96' lang='lat' dir='ltr'>id</span> <span class='ocrx_word' id='word_1_345' title='bbox 438 4313 527 4392; x_wconf 90' lang='lat' dir='ltr'>quod</span> <span class='ocrx_word' id='word_1_346' title='bbox 548 4332 646 4376; x_wconf 92' lang='lat' dir='ltr'>nemo</span> <span class='ocrx_word' id='word_1_347' title='bbox 670 4313 729 4377; x_wconf 92' lang='lat' dir='ltr'>erit</span> <span class='ocrx_word' id='word_1_348' title='bbox 751 4313 805 4394; x_wconf 92' lang='lat' dir='ltr'>qui</span> <span class='ocrx_word' id='word_1_349' title='bbox 828 4313 949 4390; x_wconf 88' lang='lat' dir='ltr'>credat,</span> <span class='ocrx_word' id='word_1_350' title='bbox 972 4315 1163 4394; x_wconf 86' lang='lat' dir='ltr'>praesertim</span> <span class='ocrx_word' id='word_1_351' title='bbox 1187 4335 1260 4380; x_wconf 92' lang='lat' dir='ltr'>cum</span> <span class='ocrx_word' id='word_1_352' title='bbox 1278 4317 1319 4382; x_wconf 92' lang='lat' dir='ltr'>de</span> <span class='ocrx_word' id='word_1_353' title='bbox 1335 4318 1550 4401; x_wconf 89' lang='lat' dir='ltr'>Panyassidis</span> 
     </span>
    </p>
   </div>
   <div class='ocr_carea' id='block_1_3' title="bbox 333 4415 1551 4504">
    <p class='ocr_par' dir='ltr' id='par_1_5' title="bbox 333 4415 1551 4504">
     <span class='ocr_line' id='line_1_39' title="bbox 333 4415 1551 4504; baseline 0.007 -26"><span class='ocrx_word' id='word_1_354' title='bbox 333 4435 357 4478; x_wconf 78' lang='lat' dir='ltr'>:e</span> <span class='ocrx_word' id='word_1_355' title='bbox 380 4415 538 4478; x_wconf 90' lang='lat' dir='ltr'>dissensio</span> <span class='ocrx_word' id='word_1_356' title='bbox 560 4415 665 4480; x_wconf 87' lang='lat' dir='ltr'>fuerit.</span> <span class='ocrx_word' id='word_1_357' title='bbox 700 4416 863 4494; x_wconf 84' lang='lat' dir='ltr'>Quoniam</span> <span class='ocrx_word' id='word_1_358' title='bbox 885 4416 980 4497; x_wconf 90' lang='lat' dir='ltr'>igitur</span> <span class='ocrx_word' id='word_1_359' title='bbox 1003 4421 1132 4497; x_wconf 86' lang='lat' dir='ltr'>oportet</span> <span class='ocrx_word' id='word_1_360' title='bbox 1154 4418 1264 4497; x_wconf 86' lang='lat' dir='ltr'>fuisse,</span> <span class='ocrx_word' id='word_1_361' title='bbox 1287 4421 1343 4502; x_wconf 90' lang='lat' dir='ltr'>qui</span> <span class='ocrx_word' id='word_1_362' title='bbox 1364 4421 1551 4504; x_wconf 88' lang='lat' dir='ltr'>Panyassin</span> 
     </span>
    </p>
   </div>
   <div class='ocr_carea' id='block_1_4' title="bbox 339 4634 789 4706">
    <p class='ocr_par' dir='ltr' id='par_1_6' title="bbox 339 4634 789 4706">
     <span class='ocr_line' id='line_1_40' title="bbox 339 4634 789 4706; baseline -0.002 -15"><span class='ocrx_word' id='word_1_363' title='bbox 339 4634 359 4702; x_wconf 83' lang='lat' dir='ltr'>l)</span> <span class='ocrx_word' id='word_1_364' title='bbox 387 4637 420 4691; x_wconf 86' lang='grc'>01.</span> <span class='ocrx_word' id='word_1_365' title='bbox 439 4636 536 4702; x_wconf 83' lang='grc'>1111111,</span> <span class='ocrx_word' id='word_1_366' title='bbox 554 4637 571 4691; x_wconf 93' lang='lat' dir='ltr'>l.</span> <span class='ocrx_word' id='word_1_367' title='bbox 592 4655 614 4691; x_wconf 88' lang='grc'>0.</span> <span class='ocrx_word' id='word_1_368' title='bbox 633 4654 658 4706; x_wconf 93' lang='lat' dir='ltr'>p.</span> <span class='ocrx_word' id='word_1_369' title='bbox 678 4638 789 4692; x_wconf 73' lang='grc'>11-19.</span> 
     </span>
    </p>
   </div>
   <div class='ocr_carea' id='block_1_5' title="bbox 0 0 1670 5214">
    <p class='ocr_par' dir='ltr' id='par_1_7' title="bbox 0 0 1670 5214">
     <span class='ocr_line' id='line_1_41' title="bbox 0 0 1670 5214; baseline 0 0"><span class='ocrx_word' id='word_1_370' title='bbox 0 0 1670 5214; x_wconf 95' lang='lat' dir='ltr'> </span> 
     </span>
    </p>
   </div>
  </div>
 </body>
</html>
