3330 5214
640 427 765 491 ..53
814 465 848 474 .-

96 601 282 681 ponnesiaci
310 603 461 681 tempora
491 599 599 679 posuit
627 600 748 680 pariter
777 619 816 664 ac
836 599 945 676 DuriS,
976 600 1096 681 quippe
1127 599 1182 680 qui
1208 585 1386 681 Panyassin

97 703 296 766 somniorum
318 703 528 784 interpretem
551 702 657 766 eidem
679 702 779 766 aetati
801 703 991 767 attribuerit.

182 804 306 882 Quibus
328 806 426 870 rebus
448 804 604 886 expositis
626 808 776 885 apertum
799 807 848 868 est
871 805 1089 886 compluribus
1113 806 1154 869 de
1183 805 1288 868 causis
1310 825 1384 886 per-

94 909 225 972 turbata
255 927 326 972 esse
356 927 440 989 quae
462 907 669 988 Panyassidis
698 907 786 988 apud
815 906 951 971 Suidam
978 908 1045 972 vita
1072 907 1287 972 continentur.
1339 908 1386 971 Ea

96 1011 182 1074 enim
210 1030 278 1076 non
306 1011 406 1075 modo
428 1009 708 1092 proptereainter
729 1029 764 1074 se
788 1014 986 1091 repugnant,
1016 1011 1145 1091 quode
1175 1011 1385 1092 scriptoribus

95 1113 222 1177 duobus
245 1117 375 1195 sumpta
397 1117 487 1190 sunt,
518 1131 657 1193 quorum
679 1113 761 1177 alter
788 1113 870 1176 duos
893 1113 1099 1195 Panyassidis
1127 1113 1274 1189 tradidit,
1304 1113 1385 1177 alter

96 1216 222 1297 epicum
245 1235 319 1280 cum
341 1216 542 1280 somniorum
569 1216 744 1296 interprete
766 1216 951 1294 confusum,
982 1217 1041 1280 sed
1064 1217 1163 1280 etiam
1186 1216 1325 1292 accedit,
1348 1220 1384 1280 ut

95 1318 148 1382 hic
180 1317 318 1400 scriptor
350 1319 391 1383 de
423 1318 622 1400 Panyasside
656 1322 689 1389 et
719 1318 849 1384 Duridis
883 1309 1079 1383 sententiam
1112 1322 1144 1382 et
1178 1319 1384 1394 contrariam,

93 1422 187 1502 quasi
217 1421 312 1502 aequi
339 1421 416 1484 iuris
446 1424 570 1497 essent,
592 1421 677 1485 inter
702 1441 738 1486 se
762 1421 961 1503 opposuerit.
1005 1421 1089 1485 Hinc
1117 1421 1240 1487 factum
1271 1427 1320 1486 est
1350 1425 1385 1485 ut

91 1524 265 1605 Panyassis
295 1524 405 1604 apicus
435 1527 533 1604 atque
562 1522 649 1586 idem
672 1525 872 1588 somniorum
901 1525 1038 1605 scriptor
1058 1525 1261 1601 nominetur,
1291 1528 1328 1588 ut
1356 1524 1386 1587 ei

92 1626 237 1690 carmina
253 1625 344 1707 epica
362 1629 460 1708 atque
476 1626 583 1689 eidem
601 1626 802 1690 somniorum
819 1627 901 1692 liber
917 1627 1087 1710 (vocabulo
1101 1627 1162 1710 xci)
1179 1627 1384 1704 attribuatur,

93 1738 127 1793 ut
151 1749 192 1793 ex
214 1729 317 1793 altera
340 1729 492 1809 opinione
515 1729 556 1792 ol.
574 1729 615 1792 78
641 1733 738 1793 natus
761 1730 896 1808 dicatur,
920 1750 959 1793 ex
981 1730 1084 1794 altera
1105 1730 1208 1794 multo
1223 1729 1385 1810 posterior

91 1837 123 1896 et
152 1853 172 1896 a
199 1832 398 1914 Lygdamide
426 1835 577 1909 necatus,
608 1835 644 1896 ut
671 1831 952 1909 Halicarnasseus,
982 1832 1151 1914 Polyarchi
1180 1831 1264 1897 filius
1287 1836 1385 1914 atque

90 1935 179 1998 idem
200 1935 322 1999 Duride
344 1937 427 1998 teste
449 1934 568 1998 Dioclis
590 1934 685 2011 filius,
709 1934 838 1999 Samius
860 1936 1053 2001 nominetur.

513 2158 569 2254 ⁴lle
598 2154 817 2274 Panyasside
845 2179 963 2275 poeta.
1078 2133 1079 2138 Ν

178 2312 430 2377 Transeundum
457 2331 543 2376 nunc
571 2315 620 2376 est
643 2311 686 2377 ad
707 2312 886 2394 Panyassin
908 2316 1051 2394 poetam,
1075 2312 1116 2376 de
1139 2332 1204 2394 quo
1226 2313 1288 2376 etsi
1310 2314 1383 2393 plu·

87 2417 175 2480 rima
204 2415 270 2480 iam
297 2415 426 2497 pridem
456 2417 619 2492 constant,
648 2419 760 2478 tamen
790 2418 881 2492 sunt,
911 2435 995 2496 quae
1022 2415 1055 2479 in
1079 2416 1305 2496 quaestionem
1327 2419 1384 2479 aut

87 2520 200 2582 denuo
230 2519 380 2582 vocanda
410 2518 474 2581 sint
504 2521 560 2583 aut
590 2518 723 2582 omnino
753 2538 820 2582 non
848 2522 974 2582 vocata.
1032 2518 1145 2600 ltaque
1175 2537 1249 2582 cum
1278 2538 1384 2599 neque

85 2620 205 2685 inutile
224 2625 256 2686 et
273 2625 493 2702 opportunum
515 2621 665 2687 videatur
686 2641 891 2704 componere,
911 2639 995 2703 quae
1015 2622 1056 2686 de
1071 2621 1270 2704 Panyasside
1285 2626 1384 2702 poeta

84 2725 250 2788 memoria
279 2724 377 2805 digna
406 2727 490 2800 sunt,
521 2724 694 2788 dicendum
722 2725 817 2789 nohis
848 2728 907 2801 est,
937 2745 1022 2806 quae
1044 2723 1218 2805 Panyassis
1241 2723 1384 2788 carmina

84 2825 264 2907 scripserit,
287 2826 396 2907 qualia
410 2826 539 2904 fuerint,
558 2828 636 2908 quid
653 2832 778 2892 veteres
796 2828 837 2891 de
853 2827 892 2891 iis
907 2827 1127 2903 iudicaverint,
1147 2845 1202 2890 cur
1219 2826 1384 2907 perierint,

84 2948 157 3011 quo
173 2934 321 3010 tempore
337 2929 510 3011 Panyassis
533 2931 674 3008 desierit,
697 2950 762 3011 quo
779 2931 921 3011 coeperit
936 2932 1035 3012 poeta
1050 2929 1158 2993 notior
1174 2949 1255 2992 esse.
1291 2928 1383 3006 Quae

86 3031 225 3112 cognita
247 3051 285 3097 ac
307 3037 394 3097 certa
416 3037 501 3110 sunt,
524 3033 666 3099 breviter
687 3036 816 3110 tantum
838 3033 1042 3113 attingemus.

179 3134 331 3199 Carmina
344 3135 562 3222 Panyassidis,
579 3140 615 3200 ut
632 3137 687 3218 qui
706 3137 793 3218 apud
806 3135 942 3200 Suidam
959 3135 1145 3198 nominetur
1157 3138 1277 3220 ποιητὴς
1293 3137 1382 3212 ἐπῶν,

81 3240 222 3310 fuerunt
259 3238 359 3319 epica.
418 3237 558 3302 Nomina
587 3240 759 3304 traduntur
793 3241 941 3303 duorum.
998 3236 1101 3301 Alteri
1131 3237 1265 3300 carmini
1295 3238 1383 3318 apud

83 3340 229 3406 Suidam
250 3359 371 3404 nomen
394 3335 646 3425 θειἩρακλειάς,
658 3342 682 3425 ¹)
705 3343 793 3424 apud
816 3342 896 3406 alios
909 3336 1122 3425 ‘apelleae
1156 3340 1347 3404 Aristoteles
1355 3338 1382 3423 ³)

82 3443 234 3509 carmina
265 3445 448 3526 appellans,
493 3462 577 3525 quae
619 3446 660 3509 de
700 3439 839 3509 Hercule
881 3448 1005 3522 essent,
1047 3443 1179 3507 nominc
1216 3438 1383 3528 Ἡρακληΐς

83 3548 200 3611 utitur.
247 3547 338 3625 Quae
368 3548 509 3611 nominis
535 3547 661 3612 formae
691 3548 733 3611 ad
755 3546 963 3628 Panyassidis
992 3564 1123 3610 carmen
1151 3545 1383 3627 appellandum

85 3669 206 3714 omnes
228 3650 299 3730 pari
320 3651 389 3714 iure
412 3650 539 3714 admitti
561 3653 708 3730 possunt.
748 3650 822 3728 Qua
844 3649 932 3712 enim
954 3650 1023 3730 ipse
1041 3648 1214 3730 Panyassis
1236 3667 1314 3711 usus
1331 3648 1381 3724 sit,

84 3752 264 3817 nescimus.
314 3753 428 3834 Neque
458 3753 524 3817 ulla
554 3756 613 3829 est,
644 3753 694 3816 cui
724 3752 844 3818 similes
873 3770 940 3815 non
969 3752 1182 3817 inveniantur.
1190 3749 1218 3834 ⁴)
1273 3751 1383 3831 Longe

85 3855 280 3936 saepissime
304 3856 437 3920 carmini
459 3856 596 3920 inditum
617 3874 738 3919 nomen
762 3851 926 3939 Ἡράκλεια
954 3854 1078 3935 legitur,
1108 3854 1197 3935 quod
1227 3853 1381 3932 exemplis

85 3977 149 4023 sex
169 3957 326 4035 tradatur,
349 3958 492 4039 reliquae
514 3959 655 4022 nominis
678 3958 803 4021 formae
826 3957 967 4039 singulis

180 4110 201 4180 ¹)
229 4113 303 4166 Suid.
321 4129 342 4166 s.
361 4129 386 4167 v.
396 4111 523 4174 Πανύασις
602 4113 697 4184 ἔγραψι
716 4113 742 4165 δὲ
761 4113 804 4165 καὶ
818 4110 991 4180 Ἥραιιλιιάδα
1011 4111 1037 4162 ἐν
1054 4110 1160 4181 βιβλίοις
1175 4099 1218 4179 ιβ’,1
1236 4111 1269 4168 εἰς
1285 4110 1333 4180 Imp
1352 4109 1381 4179 ll.

177 4195 200 4264 ²)
226 4197 324 4252 Athen.
342 4199 386 4252 Xl.
404 4199 457 4252 loa
476 4199 509 4252 D.
527 4204 554 4253 et
570 4199 623 4253 498
641 4199 673 4252 D.
691 4227 724 4238 -
743 4199 834 4266 Steph.
853 4198 914 4266 Byz.
933 4215 956 4250 s,
973 4213 997 4254 v.
1018 4192 1104 4254 Ἀσπίς
1127 4202 1193 4250 ets.
1213 4214 1237 4254 v.
1257 4194 1381 4266 Βιμβῑνα.

83 4313 120 4323 -
141 4281 239 4350 Hygin,
257 4282 328 4337 Astr.
347 4285 383 4337 ll.
398 4286 423 4337 6.
441 4285 577 4339 Eratosth.
595 4285 695 4339 Gatast.
713 4284 750 4338 Xl
768 4285 841 4352 apud
859 4284 943 4338 Phar.
961 4301 983 4338 s.
1001 4300 1026 4337 v.
1046 4278 1182 4351 Καρκῖνος.

176 4366 201 4434 ³)
228 4368 302 4422 Poet.
320 4369 390 4424 VIII.
408 4371 433 4423 9.
459 4367 515 4423 ὅσοι
539 4371 591 4425 τῶν
614 4368 907 4440 ποιητῶνἭραιιληῖδα
931 4369 974 4421 καὶ
993 4367 1111 4438 Θησηΐδα
1130 4411 1136 4423 .
1156 4410 1162 4421 .
1182 4409 1189 4422 .
1206 4368 1381 4437 πεποιήκασιν.

178 4451 203 4519 ⁴)
231 4454 264 4507 ci.
281 4454 485 4509 Tzschimerum
502 4472 528 4524 p.
547 4457 588 4510 38.
607 4456 649 4521 39,
668 4456 714 4524 qui
732 4457 766 4510 de
782 4457 836 4510 hac
853 4473 882 4510 re
900 4455 1034 4509 disserens
1057 4455 1170 4509 nomina
1184 4452 1338 4526 {Hpcxlude
1356 4461 1382 4508 et

84 4540 191 4598 Μινυάς
209 4543 236 4593 et
253 4537 377 4612 Πριαμιάς
395 4545 422 4594 el
439 4538 593 4606 Βυζαντιάς,
617 4542 713 4596 deinde
726 4539 867 4611 Ἥράῑιλεια
885 4545 912 4595 et
926 4538 1077 4609 Ὀδύσσεια,
1103 4540 1219 4610 denique
1237 4538 1381 4610 Ἠραιληῖς

82 4635 112 4682 et
133 4623 235 4696 Θησηῒς
253 4627 374 4680 contulit.
