3330 5214
772 394 984 457 ,18-

230 563 328 628 Durin
363 583 430 628 non
465 564 528 628 hoc
562 584 743 645 cognomen
771 563 940 628 Herodoto
974 564 1113 642 dedisse,
1148 565 1206 629 sed
1236 565 1334 630 aliud.
1385 567 1433 631 De
1461 587 1530 648 quo

232 667 441 748 cogitandum
463 667 513 744 sit,
538 667 657 732 Suidae
675 667 765 730 locus
789 666 858 748 ipse
881 667 987 744 docet,
1010 668 1066 749 qui
1087 668 1212 732 nullum
1234 668 1323 733 aliud
1345 669 1407 733 nisi
1426 670 1531 734 Samii
1664 753 1665 758 ἵ

232 789 413 850 cognomen
440 770 602 834 admittat.
655 768 799 834 Efficitur
830 773 940 833 autem
969 770 1032 834 loci
1055 775 1241 852 exspectata
1263 772 1370 836 torma
1392 772 1529 836 articulo

231 874 281 936 τόν
309 877 385 937 ante
412 873 550 937 verbum
573 873 698 956 Θούριον
720 872 851 950 inserto,
881 872 937 952 qui
965 892 1039 937 cum
1061 873 1094 936 in
1118 874 1251 938 easdem
1272 873 1383 938 literas
1405 894 1530 940 nornen

241 976 395 1060 Ηρόδοτον
417 979 521 1052 exeat,
544 975 633 1056 quod
649 975 820 1052 antecedit,
844 974 937 1039 facile
954 976 1083 1040 exidere
1099 979 1238 1056 poterat.
1276 977 1389 1058 Itaque
1414 996 1527 1042 emen-

233 1078 301 1144 dati
322 1078 385 1143 loci
407 1078 569 1143 sententia
589 1077 671 1142 haec
694 1081 757 1141 est:

316 1181 500 1263 Panyassin
531 1180 701 1261 Polyarchi
729 1179 824 1257 filius,
854 1180 1131 1245 Halicarnasseus,
1185 1181 1268 1245 llum
1289 1182 1385 1246 Duris
1406 1183 1528 1247 Dioclis

231 1284 334 1348 filium
362 1284 542 1348 nominavit
565 1303 603 1348 ac
626 1283 788 1361 Samium,
818 1283 1024 1348 Herodotum
1045 1303 1122 1347 vero
1145 1283 1303 1351 Thorium
1325 1285 1415 1349 illum
1437 1286 1526 1350 item.

315 1387 391 1451 Pari
413 1385 508 1468 igitur
530 1387 722 1467 cognomine
738 1386 911 1469 Panyassis
928 1390 1026 1467 atque
1041 1385 1229 1450 Herodotus
1247 1387 1402 1452 aDuride
1418 1389 1526 1452 norni-

231 1490 300 1554 nati
322 1492 407 1553 sunt.
446 1489 554 1570 Atque
576 1489 644 1552 iam
665 1489 759 1554 facile
781 1490 985 1571 intellegitur,
1008 1507 1143 1553 cumam
1160 1488 1201 1552 de
1216 1489 1376 1554 Herodoti
1395 1510 1526 1572 quoque

230 1593 336 1674 patria
357 1592 486 1656 Doridis
509 1591 619 1672 opinio
642 1591 675 1654 in
697 1591 764 1656 vita
784 1591 992 1673 Panyassidis
1015 1595 1295 1655 commemoretur.
1337 1593 1429 1670 Quae
1452 1613 1527 1656 omn

231 1696 392 1760 astrictius
415 1695 596 1775 composita
625 1695 665 1758 sit
693 1714 793 1775 quam
821 1699 857 1758 ut
884 1715 938 1759 res
965 1694 1091 1759 alienae
1120 1699 1254 1776 propter
1281 1694 1526 1760 similitudinem

231 1798 336 1862 solam
369 1797 402 1860 in
435 1817 473 1861 ea
511 1797 618 1861 afferri
650 1797 828 1877 potuerint,
867 1797 1026 1862 Herodoti
1068 1798 1268 1862 mentionem
1306 1798 1526 1862 necessariam

230 1902 329 1966 fuisse
352 1900 537 1980 factamque
560 1919 632 1964 esse
655 1902 783 1981 oportet
807 1919 846 1964 ex
868 1919 934 1982 qua
956 1905 1139 1982 appareret,
1162 1901 1241 1982 quid
1263 1900 1304 1964 de
1326 1900 1526 1981 Panyasside

231 2004 341 2069 Samio
352 2002 602 2068 existimandum
612 2005 706 2066 esset.
729 2002 987 2067 Existimandum
999 2007 1110 2068 autem
1122 2004 1200 2085 quid
1211 2004 1262 2080 sit,
1275 2022 1314 2066 ex
1326 2022 1365 2066 eo
1378 2002 1524 2079 efficitur,

230 2107 318 2187 quod
335 2105 539 2170 Herodotum
551 2108 630 2168 natu
649 2104 933 2170 Halicamasseum
955 2105 1054 2171 fuisse
1078 2107 1206 2171 scimus.
1251 2107 1294 2170 Ut
1313 2106 1399 2170 enim
1418 2106 1524 2169 Hero-

230 2211 337 2286 dotus
360 2227 458 2290 quem
472 2208 567 2272 Duris
584 2207 731 2273 Samium
746 2207 967 2289 appellaverit,
988 2210 1209 2274 Halicamassi
1226 2214 1336 2274 tamen
1351 2213 1447 2274 natus
1464 2213 1524 2288 est,

230 2313 275 2376 ita
285 2310 464 2392 Panyassin
480 2313 559 2374 natu
570 2310 856 2374 Halicamasseum
865 2315 981 2392 putare
998 2313 1166 2387 debemus,
1186 2313 1306 2394 quippe
1325 2313 1381 2394 qui
1399 2313 1440 2376 ab
1453 2313 1525 2376 aliis

230 2414 496 2478 Halicarnasseus
511 2413 726 2494 appellatusa
741 2413 862 2477 Duride
874 2413 1003 2478 Samius
1020 2414 1202 2496 appelletur
1212 2415 1291 2479 item
1308 2419 1407 2496 atque
1417 2415 1523 2479 Hero·

231 2517 337 2580 dotus.
376 2516 453 2580 ldeo
473 2516 568 2596 igitur
584 2516 744 2580 Herodoti
766 2516 950 2596 exemplum
972 2517 1106 2581 allatum
1122 2520 1181 2594 est,
1203 2521 1239 2581 ut
1256 2517 1385 2581 Duridis
1401 2518 1442 2582 de
1458 2517 1524 2581 Pa-

229 2619 380 2700 nyasside
401 2619 625 2682 testimonium
652 2619 849 2683 contrarium
870 2619 1078 2684 refelleretur.
1122 2621 1230 2702 Atque
1259 2621 1358 2687 etiam
1385 2620 1524 2686 alterum

229 2721 388 2785 Herodoti
404 2721 552 2802 exemplo
570 2722 669 2786 allato
681 2725 830 2802 apertum
843 2724 901 2785 est.
924 2721 1020 2786 Fides
1033 2723 1120 2787 enim
1131 2723 1158 2786 si
1170 2743 1235 2804 qua
1245 2723 1358 2787 Duridi
1369 2723 1525 2788 habenda

230 2827 289 2901 est,
312 2824 357 2887 illi
381 2824 422 2888 ab
447 2843 485 2887 eo
508 2824 610 2888 Samii
636 2825 792 2906 appellari
816 2844 884 2888 non
905 2829 1091 2905 potuerunt,
1118 2826 1181 2889 nisi
1204 2826 1293 2890 Sarni
1323 2825 1525 2907 aliquamdiu

230 2928 396 3008 degemnt.
451 2926 656 2990 Herodotum
683 2931 794 2992 autem
820 2927 911 2990 Sami
938 2926 1065 3008 degisse
1095 2931 1232 2991 constat.
1282 2928 1329 2991 Ex
1356 2948 1421 3009 quo
1449 2948 1525 2992 cum

230 3033 402 3111 appareat,
431 3030 596 3110 quomodo
618 3030 747 3094 Duridis
777 3031 818 3095 de
840 3029 1000 3094 Herodoti
1025 3031 1132 3112 patria
1161 3051 1250 3095 error
1280 3035 1370 3096 ortus
1400 3031 1451 3109 sit,
1482 3031 1525 3095 de

231 3131 437 3213 Panyassidis
470 3132 577 3212 patria
603 3132 698 3196 Duris
727 3133 866 3196 eandem
894 3133 936 3196 ob
966 3153 1098 3197 causam
1125 3133 1252 3197 videtur
1275 3154 1409 3198 errasse.
1458 3135 1523 3198 Pro

230 3234 314 3299 falso
332 3234 427 3315 igitur
445 3235 599 3315 quoniam
615 3235 744 3299 Duridis
760 3236 983 3300 testimonium
997 3235 1112 3300 haberi
1128 3236 1235 3313 debet,
1259 3236 1300 3300 de
1316 3236 1525 3318 Panyassidis

230 3341 349 3419 poetae
370 3338 477 3418 patria
499 3339 719 3402 controversia
741 3358 812 3402 esse
835 3357 902 3402 non
927 3342 1045 3420 potest.
1104 3338 1216 3418 ltaque
1246 3340 1387 3403 excussis
1414 3338 1525 3403 verbis

232 3442 342 3525 ὁμοίιος
364 3442 398 3504 n
420 3443 470 3504 καὶ
487 3435 654 3525 Ἡρόδοτον
676 3444 725 3506 τὸν
742 3441 867 3526 Θούριον
890 3442 978 3506 idem
1000 3441 1213 3522 repperimus
1236 3442 1405 3522 quodiam
1425 3462 1526 3523 supra

232 3543 447 3607 intelleximus
471 3563 583 3607 eorum
607 3543 730 3608 nullam
751 3545 913 3608 rationem
930 3544 1090 3608 habentes
1107 3564 1145 3608 ao
1169 3545 1239 3608 sola
1255 3545 1356 3609 verba
1373 3545 1524 3608 conside-

230 3649 340 3709 rantes
371 3647 408 3711 Π.
440 3648 630 3732 Πολυάρχου,
659 3644 920 3732 Ἃλικαρνοιοοειίς.
976 3649 1080 3732 Δοῦρις
1115 3651 1148 3712 δὲ
1177 3648 1336 3720 Διοκλέους
1370 3673 1401 3712 τε
1429 3652 1525 3712 παῖδα

230 3748 377 3836 ἀνέγραψε
407 3751 456 3813 ιιοιὶ
484 3748 602 3832 Σάμιον.
658 3749 749 3827 Quae
778 3750 879 3814 verba
910 3750 1019 3814 omnia
1048 3751 1144 3813 unius
1173 3751 1374 3832 grammatici
1404 3750 1524 3814 iudicio

234 3851 389 3915 contineri
416 3853 482 3916 iam
504 3853 583 3917 satis
606 3858 752 3934 apparet.

315 3954 358 4018 At
390 3955 477 4018 enirn
505 3955 538 4018 in
569 3976 608 4019 eo
640 3956 806 4020 offendere
835 3975 932 4020 nemo
961 3975 1029 4020 non
1056 3960 1179 4039 potest,
1210 3956 1298 4037 quod
1325 3953 1524 4032 Herodotus,

231 4076 305 4120 cum
334 4077 374 4120 ex
404 4057 472 4121 eius
503 4059 624 4139 origine
655 4057 903 4125 Halicamassea
935 4060 1167 4123 documentum
1199 4058 1395 4122 sumendum
1426 4062 1525 4135 esset,

229 4179 296 4222 non
322 4159 589 4224 Halicarnasseus
617 4161 800 4242 appellatus
831 4165 890 4238 est,
924 4161 982 4224 sed
1009 4162 1160 4226 Thurina.
1211 4161 1297 4240 Quin
1328 4161 1415 4225 enim
1442 4165 1525 4225 natu

228 4261 494 4326 Halicarnasseus
516 4263 673 4327 hocloco
696 4283 762 4327 non
791 4263 897 4327 solum
919 4263 1163 4346 intellegendus,
1195 4265 1253 4328 sed
1283 4264 1381 4327 etiam
1410 4263 1523 4327 dicen-

229 4365 289 4428 dus
312 4367 362 4443 sit,
385 4365 507 4429 nemini
530 4366 665 4429 dubium
686 4366 857 4441 videbitur,
881 4384 955 4428 cum
977 4365 1039 4430 hac
1060 4386 1096 4430 re
1119 4367 1241 4430 omissa
1258 4367 1347 4429 locus
1365 4365 1523 4429 obscurus

229 4467 298 4545 liat,
328 4468 355 4532 si
382 4468 454 4550 quis
481 4468 686 4533 Herodotum
707 4468 927 4532 Halicamassi
948 4473 1063 4533 natum
1086 4489 1157 4533 esse
1181 4474 1212 4534 et
1235 4469 1325 4533 Sami
1347 4469 1525 4550 profugum

229 4571 530 4676 degisse3ggescit2„
555 4571 652 4676 3Haec
692 4571 788 4652 igitur
826 4571 897 4652 ipsa
931 4572 1052 4635 omissa
1086 4592 1158 4637 esse
1194 4575 1331 4653 oportet.
1396 4571 1524 4648 Quodsi
