3330 5214
671 445 883 507 ..19-

122 617 206 695 post
234 615 334 679 verba
363 617 473 701 ὁμοίως
504 618 537 680 δὲ
567 618 616 680 καὶ
638 609 807 699 Ἡρόδοτον
828 618 878 679 τὸν
901 615 1025 700 Θούριον
1048 615 1199 679 addimus
1222 606 1254 686 ὃς
1278 616 1308 680 ἐν
1331 614 1423 700 Σάμῳ

125 719 185 802 μὲν
219 718 345 804 διέτριψε
374 720 469 805 φυγὰς
501 710 553 795 ὥν,
586 720 620 782 ἐκ
654 720 687 783 δὲ
713 713 950 802 ‘Alunpvaccod
984 719 1088 801 γέγονε
1118 718 1169 781 vel
1197 717 1301 782 simile
1335 718 1422 799 quid,

125 820 213 884 nihil
240 820 313 884 miri
339 824 395 885 aut
417 820 518 902 inepti
540 821 603 884 hoc
625 820 697 884 loco
720 821 833 885 Thurii
856 840 1037 902 cognomen
1059 820 1168 885 habet.
1213 821 1317 884 Immo
1340 841 1422 902 quo-

124 922 221 986 niam
242 926 371 1004 tempus
393 923 463 1000 fuit,
486 943 551 1004 quo
574 923 731 987 Thurium
755 923 853 987 etiam
871 923 892 986 ii
910 923 1114 987 Herodotum
1135 924 1346 1005 appellarent,
1370 925 1424 1005 qui

123 1044 241 1088 veram
271 1026 339 1089 eius
368 1026 509 1108 patriam
535 1045 601 1090 non
629 1026 833 1107 ignorabant,
860 1025 912 1090 hic
938 1026 1028 1090 locus
1056 1026 1126 1107 ipse
1153 1027 1294 1090 maxime
1318 1027 1422 1104 docet,

125 1147 232 1209 quam
255 1128 309 1192 illo
334 1131 498 1210 tempore,
526 1148 600 1192 cum
627 1129 769 1209 primum
794 1129 931 1210 scriptus
956 1132 1020 1206 est,
1049 1129 1254 1193 Herodotum
1275 1129 1422 1194 Halicar-

123 1250 284 1295 nasseum
306 1231 471 1312 appellare
498 1231 594 1296 fuerit
622 1231 820 1296 inusitatum.
864 1232 957 1296 Prius
980 1232 1067 1296 enim
1088 1232 1197 1297 locum
1219 1236 1328 1297 ortum
1350 1253 1422 1298 esse

123 1353 231 1415 quam
251 1334 314 1398 hoc
342 1353 522 1417 cognomen
544 1335 738 1415 scriptomm
759 1355 821 1399 usu
842 1336 1038 1417 reciperetur
1059 1354 1192 1400 necesse
1216 1340 1273 1400 est.

219 1437 361 1502 Vidimus
384 1438 479 1519 igitur
501 1437 542 1502 de
565 1437 671 1520 patria
692 1438 899 1520 Panyassidis
923 1438 1004 1518 epici
1026 1439 1127 1502 Durin
1149 1441 1267 1502 testem
1286 1439 1421 1503 reicien-

123 1540 209 1604 dum
240 1559 321 1616 esse,
351 1541 439 1622 quod
469 1560 537 1604 non
566 1540 672 1605 solum
698 1540 798 1618 illum,
827 1541 885 1605 sed
915 1541 1014 1605 etiam
1041 1541 1247 1605 Herodotum
1275 1541 1422 1606 Samium

123 1642 315 1724 appellavit.
370 1643 504 1708 Accedit
529 1663 606 1708 vero
637 1644 726 1724 quod
756 1644 970 1708 dubitandum
1001 1647 1061 1721 est,
1090 1644 1220 1708 idemne
1248 1643 1422 1725 Panyassis

121 1745 191 1822 ille,
216 1764 314 1826 quem
343 1746 437 1810 Duris
467 1746 656 1823 nominavit,
687 1766 725 1810 ac
752 1749 851 1827 poeta
880 1750 992 1810 noster
1020 1746 1127 1811 fuerit.
1182 1746 1301 1810 Dioclis
1336 1747 1422 1810 enim

122 1847 232 1912 filium
258 1849 352 1912 Duris
380 1848 559 1931 Panyassin
587 1849 672 1913 dicit.
717 1849 839 1913 Poetae
862 1853 970 1914 autem
993 1850 1078 1930 patri
1100 1849 1279 1930 Polyarcho
1301 1869 1422 1914 nomen

122 1952 198 2015 suit.
243 1953 356 2033 ltaque
385 1952 445 2016 etsi
472 1952 652 2033 Panyassin
679 1952 797 2016 Dioclis
819 1952 921 2016 filium
944 1953 1034 2017 Sami
1056 1953 1183 2032 degisse
1205 1972 1272 2017 non
1295 1956 1343 2016 est
1367 1972 1422 2016 cur

122 2073 294 2136 negemus,
312 2059 433 2133 tamen,
451 2075 530 2120 num
546 2054 719 2137 Panyassis
735 2055 903 2138 Polyarchi
919 2054 1003 2120 filius
1016 2055 1106 2120 Sami
1117 2073 1263 2135 unquam
1275 2073 1420 2118 cornmo-

123 2161 219 2222 ratus
242 2159 293 2236 sit,
316 2159 476 2223 incertum
497 2159 679 2240 relinquere
702 2159 868 2223 debemus,

215 2261 241 2324 Ε
262 2261 392 2324 Duridis
418 2260 607 2325 testimonio
635 2265 794 2341 quantum
820 2261 915 2324 nobis
944 2260 1167 2342 accipiendum
1195 2259 1245 2337 sit,
1274 2260 1340 2323 iam
1362 2259 1419 2324 de-

121 2363 390 2428 monstravimus
419 2364 507 2428 Num
524 2367 635 2427 autem
653 2364 748 2428 Duris
766 2364 853 2429 idem
872 2363 973 2444 accipi
989 2363 1134 2438 voluerit,
1153 2366 1255 2426 restat
1271 2366 1307 2426 ut
1319 2381 1419 2443 quae-

121 2485 247 2531 ramus
281 2465 372 2530 Haec
390 2466 476 2530 enim
492 2466 641 2547 quaestio
658 2466 700 2529 ab
717 2467 772 2531 illa
787 2468 882 2549 longe
895 2467 1023 2530 diversa
1040 2465 1172 2530 maximi
1189 2466 1347 2530 momenti
1360 2469 1418 2530 est.

213 2569 323 2632 Primo
357 2567 489 2650 quidem
521 2569 642 2634 nemini
676 2569 810 2632 dubium
838 2569 1009 2647 videbitur,
1041 2569 1119 2650 quin
1146 2568 1292 2633 Samium
1325 2567 1420 2632 Duris

122 2671 307 2753 Panyassin
330 2671 550 2752 appellaverit,
572 2691 639 2736 non
661 2672 750 2753 quod
772 2672 862 2736 Sami
885 2676 971 2736 esset
993 2674 1101 2748 natue,
1123 2671 1182 2735 sed
1205 2671 1282 2752 quia
1303 2671 1348 2734 ibi
1371 2674 1420 2735 est

124 2778 358 2838 commoratus
411 2775 503 2852 Quae
531 2775 638 2838 adhuc
666 2775 812 2838 onmium
840 2776 908 2839 iere
938 2775 1047 2856 opinio
1074 2774 1144 2851 fuit,
1173 2792 1246 2836 cum
1272 2773 1419 2838 Halicar-

122 2895 283 2940 nasseum
308 2875 488 2957 Panyassin
515 2877 614 2942 fuisse
644 2878 794 2942 sciamus
838 2878 874 2941 Id
903 2882 1013 2943 autem
1041 2878 1067 2942 si
1095 2877 1304 2954 nesciremus
1328 2877 1422 2941 aliter

124 2979 354 3042 indicaremus.
406 2978 510 3043 Nemo
545 2981 632 3044 enim
666 2981 829 3045 dubitaret
862 2981 941 3062 quin
973 2980 1068 3044 Duris
1100 2999 1207 3060 neque
1239 2979 1419 3060 Panyassin

122 3100 235 3162 neque
256 3080 461 3146 Herodotum
479 3083 572 3148 aliter
590 3084 737 3147 Samium
754 3084 964 3165 appellaverit
981 3103 1019 3148 ac
1037 3082 1166 3164 plurimi
1186 3081 1287 3146 Samii
1306 3082 1419 3163 appel-

122 3185 245 3260 lantur,
274 3185 364 3264 quod
390 3185 508 3250 Samus
536 3206 648 3250 eorum
674 3187 781 3268 patria
802 3187 872 3263 tuit,
903 3187 935 3249 in
963 3206 1028 3267 qua
1050 3189 1081 3250 et
1102 3185 1172 3249 nati
1197 3184 1261 3247 sint
1284 3187 1316 3248 et
1338 3185 1419 3248 ado-

124 3286 265 3351 leverint
286 3289 319 3349 et
341 3287 426 3351 vitae
448 3288 594 3369 degerint
615 3308 769 3370 magnam
790 3292 928 3370 partem.
967 3289 1053 3366 Quid
1069 3288 1164 3368 igitur
1181 3287 1310 3351 Duridis
1327 3289 1419 3352 testi-

122 3389 275 3454 monium
297 3389 356 3454 sibi
380 3389 465 3467 velit,
494 3409 561 3454 non
589 3395 687 3456 antea
715 3392 883 3456 diiudicari
904 3394 1023 3473 potest,
1048 3410 1147 3471 quam
1169 3390 1318 3466 sciamus,
1342 3391 1420 3471 quid

124 3494 169 3557 de
192 3492 400 3574 Panyassidis
423 3497 455 3557 et
476 3493 637 3558 Herodoti
658 3514 735 3558 vera
756 3495 863 3575 patria
884 3494 996 3558 Duridi
1019 3496 1222 3573 compertum
1244 3491 1349 3556 fuerit.

215 3596 281 3660 Sed
309 3596 400 3660 locus
428 3596 536 3660 nullus
567 3600 681 3674 exstat,
712 3617 778 3678 quo
809 3598 850 3661 de
883 3617 922 3661 ea
954 3596 1049 3660 Duris
1083 3595 1261 3676 quidquam
1294 3595 1419 3658 dixerit.

124 3698 249 3764 Suidae
278 3700 364 3763 enim
393 3700 434 3763 de
460 3699 581 3764 Duride
609 3700 708 3777 locus,
740 3719 839 3781 quem
866 3699 965 3763 modo
988 3697 1208 3775 tractavimus,
1231 3698 1311 3761 nihil
1334 3698 1420 3762 eius·

122 3800 217 3865 modi
246 3801 356 3866 habel.
408 3801 529 3866 Suidae
557 3807 667 3867 autem
694 3803 776 3867 haec
802 3803 903 3867 verba
914 3801 953 3894 ¹l²
987 3802 1110 3885 μετέστη
1139 3801 1163 3866 δ’
1191 3803 1221 3867 ἐν
1249 3802 1343 3887 Σάμῳ
1372 3805 1420 3867 διὰ

122 3906 286 3988 Λύγδαμιν,
315 3902 442 3967 etiamsi
464 3925 532 3969 non
554 3906 755 3987 grammatici
778 3905 962 3969 coniectura
984 3907 1056 3968 orta
1078 3904 1152 3981 sint,
1174 3907 1285 3968 tamen
1308 3904 1419 3968 Doridi

123 4006 251 4070 auctori
272 4005 416 4070 tribuere
437 4027 646 4090 nequaquam
668 4008 836 4072 debemus.
881 4008 929 4071 De
950 4007 1148 4088 Panyasside
1171 4007 1304 4088 quidem
1323 4007 1418 4070 dubi-

121 4108 187 4173 tari
215 4128 283 4173 non
312 4113 423 4190 potest
451 4111 527 4192 quin
549 4110 644 4174 Duris
672 4111 752 4175 nihil
779 4130 918 4192 usquam
947 4109 1126 4188 tradiderit,
1154 4110 1243 4190 quod
1274 4110 1317 4174 ad
1350 4111 1418 4174 eius

122 4213 284 4293 originem
306 4212 588 4278 Halicamasseam
609 4214 795 4293 pertineret.
839 4214 876 4277 ld
897 4212 1029 4276 enimsi
1051 4213 1190 4289 fecisset,
1209 4212 1418 4277 manifestum

122 4335 161 4380 ac
190 4319 316 4380 certum
344 4315 457 4379 fuisset
484 4335 557 4379 eum
581 4315 681 4380 Samii
704 4316 923 4397 appellatione
945 4336 1041 4380 usum
1064 4335 1226 4379 essenon
1249 4315 1289 4378 de
1312 4315 1418 4395 patria

122 4419 333 4500 cogitantem,
364 4417 423 4481 sed
450 4418 491 4482 de
517 4418 786 4499 peregrinatione.
838 4419 951 4499 Neque
977 4419 1023 4482 ita
1051 4437 1133 4499 opus
1164 4422 1232 4482 erat
1260 4417 1418 4483 Herodoti

208 4640 230 4708 ¹)
259 4658 281 4694 s.
300 4655 327 4692 v.
341 4635 491 4708 Ἡρόδοτος.

1158 4726 1174 4778 p
1185 4725 1199 4758 a
