3330 5214
232 1239 428 1379 panyassis,
451 1316 525 1361 cum
541 1297 630 1380 apud
645 1299 771 1361 veteres
793 1297 826 1362 in
848 1315 985 1361 numero
1004 1297 1145 1378 quinque
1165 1296 1330 1378 epicorum
1350 1297 1436 1383 opti-

144 1417 274 1463 morum
285 1399 416 1463 habitus
432 1419 471 1463 ac
481 1399 596 1464 tantia
612 1399 776 1464 nonnullis
795 1399 986 1464 aestimatus
1003 1400 1054 1476 sit,
1071 1402 1109 1463 ut
1126 1399 1273 1463 omnium
1291 1398 1435 1463 Homero

143 1502 309 1582 proximus
324 1501 529 1579 iudicaretur,
547 1501 646 1567 hodie
665 1521 805 1584 quoque,
829 1502 911 1566 sicut
929 1505 1040 1566 tantae
1057 1501 1258 1566 auctoritatis
1278 1501 1437 1565 memoria

143 1604 298 1685 postulat,
318 1624 393 1669 cum
408 1604 505 1668 laude
522 1605 683 1670 nominari
700 1605 792 1670 solet.
828 1605 894 1669 Sed
917 1605 994 1686 quia
1015 1604 1159 1668 carmina
1181 1603 1250 1668 eius
1276 1607 1347 1667 tota
1369 1603 1436 1667 fere

143 1706 309 1787 perierunt
326 1726 433 1789 neque
453 1727 471 1771 e
488 1707 631 1789 reliquiis
647 1727 761 1772 eorum
777 1707 898 1788 exiguis
916 1706 1120 1788 intellegitur,
1143 1725 1208 1787 quo
1225 1707 1293 1770 iure
1309 1709 1437 1770 tantam

146 1809 233 1890 apud
255 1812 380 1874 veteres
402 1809 534 1873 laudem
556 1810 694 1890 adeptus
717 1810 767 1886 sit,
792 1809 885 1890 quasi
908 1809 1061 1873 oblivioni
1084 1809 1180 1874 datus
1197 1809 1324 1891 neglegi
1342 1809 1435 1885 solet,

143 1910 206 1974 nisi
216 1914 350 1993 propter
361 1911 441 1975 alias
452 1930 504 1975 res
524 1912 591 1975 eius
611 1911 732 1976 mentio
752 1911 902 1976 facienda
918 1914 975 1975 est.
1009 1911 1058 1975 Ac
1072 1911 1174 1976 multo
1190 1913 1279 1994 prius
1295 1912 1436 1976 nominis

57 2027 68 2040 ⁸
144 2014 298 2096 splendor
320 2014 567 2095 evanuit'quam
589 2034 648 2095 pro
671 2014 726 2078 illa
741 2013 1027 2094 grammaticorum
1045 2014 1283 2080 existimatione
1302 2035 1435 2098 exspec-

142 2120 240 2180 tatur.
292 2116 377 2179 Nam
400 2117 499 2181 etiam
522 2117 739 2199 compluribus
763 2116 899 2181 saeculis
922 2119 998 2180 ante
1020 2119 1205 2198 temporum
1228 2119 1436 2199 antiquorum

145 2218 265 2282 exitum
286 2219 480 2282 memoriam
494 2218 700 2300 Panyassidis
723 2219 806 2282 adeo
830 2219 1037 2282 obliteratam
1055 2219 1256 2284 inveniemus
1274 2223 1310 2284 ut
1328 2220 1436 2301 ipsum

144 2340 265 2384 nornen
285 2340 346 2402 pro
374 2322 512 2385 obscuro
540 2321 724 2385 haberetur.
769 2322 851 2385 Fore
873 2321 970 2402 igitur
991 2326 1028 2385 ut
1049 2321 1256 2403 Panyassidis
1277 2321 1437 2388 Heraclea

144 2442 222 2487 casu
243 2423 435 2506 reperiatur,
460 2443 533 2487 cum
555 2423 677 2504 sperari
699 2425 752 2488 vix
774 2423 893 2505 possit,
916 2425 1090 2506 Panyassis
1114 2425 1271 2490 obscurus
1293 2427 1328 2488 ut
1350 2444 1436 2489 nunc

144 2529 203 2602 est,
226 2526 272 2590 ita
292 2526 326 2589 in
348 2528 543 2606 perpetuum
564 2525 691 2590 videtur
713 2546 884 2590 mansurus
908 2546 990 2591 esse.

229 2629 384 2692 Attamen
414 2628 455 2692 de
484 2647 522 2692 eo
546 2627 653 2692 denuo
677 2629 835 2693 disserere
858 2649 978 2710 operae
1002 2630 1143 2710 pretium
1172 2633 1309 2694 estnon
1332 2629 1438 2693 solum

142 2735 277 2812 propter
293 2731 360 2794 eius
372 2731 599 2794 auctoritatem
608 2731 789 2811 pristinam,
803 2731 861 2795 sed
877 2730 976 2795 etiarn
992 2733 1068 2812 quia
1084 2751 1157 2796 curn
1169 2732 1232 2795 hac
1246 2732 1437 2812 quaestione

142 2833 225 2897 aliae
241 2834 450 2916 notioresque
468 2833 652 2898 cohaerent.
675 2833 718 2897 Ut
730 2833 871 2914 reliquas
891 2834 1051 2912 omittam,
1068 2834 1214 2898 omniurn
1231 2833 1437 2897 notissimam

141 2936 292 3012 nomin0,
327 2956 411 3018 quae
445 2935 486 2999 de
514 2934 671 2999 Herodoti
705 2936 771 3000 vita
804 2938 869 3013 est,
904 2936 993 3000 cuius
1028 2936 1150 3000 multae
1183 2956 1236 3000 res
1265 2936 1438 3018 disceptari

141 3041 318 3118 nequeunt,
341 3039 403 3101 nisi
425 3058 445 3102 a
466 3038 664 3119 Panyasside
687 3038 886 3119 quaestionis
912 3038 1080 3102 exordium
1103 3039 1248 3103 suniitur.

229 3139 426 3221 Quanquam
449 3140 491 3204 de
514 3159 553 3204 eo
575 3139 671 3221 longe
692 3140 833 3221 plurima
855 3140 963 3204 adhuc
986 3141 1110 3205 incerta
1131 3144 1330 3206 manserunt.
1369 3141 1436 3206 Res

145 3242 233 3306 enim
254 3241 448 3322 implicatior
470 3245 519 3306 est
541 3262 640 3323 quam
661 3246 698 3308 ut
720 3243 833 3324 profici
855 3243 1034 3324 quidquam
1067 3245 1109 3307 ab
1137 3243 1176 3306 iis
1197 3244 1338 3324 potuerit
1382 3245 1438 3326 qui

142 3343 248 3407 obiter
277 3363 349 3407 eam
378 3345 561 3425 attigerunt.
608 3346 671 3424 Qui
699 3351 809 3410 autem
837 3346 957 3422 omnia,
989 3365 1074 3426 quae
1097 3345 1139 3409 ad
1163 3365 1236 3410 eam
1262 3348 1435 3427 pertinent,

142 3445 333 3525 quaestione
355 3447 513 3528 complexi
536 3449 656 3530 sunt,1)
688 3448 876 3512 difficillima
900 3467 1048 3530 quaeque
1070 3452 1127 3512 aut
1149 3467 1266 3528 parum
1288 3454 1437 3515 accurate

233 3615 252 3683 Ι)
280 3617 332 3682 Qui
349 3618 478 3685 postremi
495 3623 582 3672 totam
600 3619 743 3672 materiam
760 3623 955 3682 tractaverunt,
975 3635 1069 3672 eorum
1087 3619 1260 3686 quaestiones
1279 3626 1341 3674 ante
1359 3622 1436 3688 quin·

142 3701 275 3770 quaginta
292 3702 347 3755 fere
365 3719 453 3756 annos
471 3704 558 3757 editae
576 3709 647 3758 sunt.
684 3704 871 3758 Recentissimi
889 3704 961 3756 enim
979 3709 1043 3756 sunt
1060 3704 1100 3757 hi:

177 3786 203 3854 a)
230 3787 260 3839 P.
277 3787 446 3853 Tzschirner,
465 3789 623 3858 Panyasidis
640 3790 839 3844 Halicamassei
856 3788 1029 3842 Heracleadis
1046 3789 1206 3858 fragmenta.
1234 3790 1348 3858 (Adiecit
1366 3793 1436 3860 frag·

228 3877 321 3926 menta
333 3873 490 3941 Panyasidis
504 3875 667 3943 philosophi,
682 3876 819 3943 poematia
831 3879 1009 3943 pentametra,
1023 3873 1144 3939 indices.)
1171 3877 1347 3932 Vratislaviae
1362 3878 1436 3935 1842.

177 3957 206 4025 h)
224 3957 252 4011 F.
270 3958 300 4010 P.
318 3959 433 4024 Funcke,
452 3959 526 4012 Neue
543 3960 635 4013 Jahrb.
654 3961 671 4015 f.
691 3961 757 4014 Phil.
776 3978 801 4014 u.
821 3961 901 4014 Paed.
920 3959 961 4012 39.
980 3959 1004 4011 t.
1024 4020 1027 4025 ,
1043 3959 1117 4012 1843,
1135 3977 1162 4028 p.
1182 3961 1229 4014 131
1240 3979 1300 4032 sqq.

230 4043 282 4109 Qui
305 4043 408 4110 priores
425 4061 482 4098 rem
500 4049 696 4110 tractaverunt,
722 4046 794 4114 apud
816 4045 1021 4099 Tzschimerum
1045 4046 1107 4112 ph
1131 4053 1336 4114 enumerantur,
1361 4049 1438 4103 cuius

141 4129 264 4196 quaestio
283 4129 404 4196 priorum
422 4130 563 4197 opiniones
582 4137 706 4184 accurate
723 4132 868 4199 respiciens
890 4147 963 4185 nunc
980 4132 1061 4199 longe
1084 4131 1223 4199 aptissima
1245 4140 1297 4198 est,
1324 4152 1378 4202 qua
1402 4136 1437 4188 ad

141 4213 283 4268 materiam
301 4216 519 4282 cognoscendam
536 4219 653 4281 utamur,
671 4217 829 4284 praesertim
847 4234 910 4271 curn
928 4217 961 4270 de
979 4216 1032 4269 hac
1050 4217 1208 4284 quaestione
1225 4219 1360 4274 Funckius
1377 4221 1394 4273 l.
1413 4237 1436 4273 c.

142 4298 317 4366 disputaverit
335 4316 377 4352 res
391 4316 486 4354 omnes
501 4306 625 4355 accurate
638 4319 806 4370 percensens.
834 4302 910 4370 Quae
925 4309 1038 4372 uterque
1054 4305 1087 4358 de
1100 4304 1263 4372 Panyasside
1278 4307 1439 4372 quaestione

140 4384 229 4452 priore
247 4385 381 4452 exposuit,
399 4385 574 4454 negleximus.

226 4469 280 4523 Ubi
297 4470 480 4525 necessarium
497 4471 647 4536 videbatur,
665 4473 785 4540 priorum
804 4474 945 4540 opiniones
959 4475 1240 4540 commemoravimus,
1259 4493 1328 4544 quas
1341 4493 1437 4530 omnes

140 4571 354 4610 commemorare
372 4573 603 4624 supervacaneum
622 4564 670 4612 est.
706 4559 745 4612 De
763 4559 819 4613 vita
838 4561 947 4628 quidem
966 4560 1136 4628 Panyessidis
1158 4561 1262 4614 nullam
1279 4562 1334 4616 fere
1352 4563 1438 4618 secuti

141 4655 243 4694 sumus.

1180 4734 1217 4785 1*

600 4848 871 4954 inscia
