3330 5214
784 419 996 483 -η4..

241 595 452 676 superiorem.
486 592 679 658 Plutarchus
690 591 714 671 ¹)
736 593 823 656 enim
845 596 956 656 narrat
977 592 1159 668 Platonem,
1183 611 1257 656 cum
1268 591 1483 656 Antimachus
1508 596 1546 655 et

240 697 410 762 Niceratus
429 714 539 759 coram
555 694 722 776 Lysandro
742 695 937 758 carminibus
954 695 1039 758 inter
1055 715 1091 759 se
1107 697 1278 770 certarent,
1295 694 1544 758 adolescentem

240 799 374 864 adirisse
405 801 437 862 et
458 797 688 861 Antimachum
719 801 917 878 superatum,
948 816 1046 878 quem
1076 797 1301 874 admiraretur,
1332 797 1542 861 consolatum

242 921 325 966 esse.
370 902 418 964 Ac
447 900 653 981 superstitem
674 899 871 963 Antimacho
893 899 1066 964 Platonem
1093 899 1193 963 fuisse
1220 919 1259 962 ex
1282 918 1322 964 eo
1344 901 1539 981 apparebat,

241 1004 331 1086 quod
354 1004 448 1067 Plato
471 1002 561 1067 illum
584 1001 749 1066 admirans
771 1002 934 1066 Heraclidi
950 1003 1086 1066 Pontico
1108 1002 1310 1084 persuasisse
1331 1003 1539 1079 narrabatur,

241 1112 278 1172 ut
300 1106 486 1172 Antimachi
507 1105 626 1169 mortui
650 1105 793 1169 camnine
815 1103 1027 1188 colligeret.²)

327 1210 505 1291 Propterea
526 1208 622 1289 igitur
639 1207 853 1271 Antimachus
872 1212 928 1291 aph
947 1205 1106 1279 Πλάτωνας
1128 1208 1228 1272 fuisse
1251 1208 1375 1285 dicitur,
1395 1208 1483 1289 quod
1501 1207 1539 1272 in

241 1314 292 1376 his
322 1311 568 1376 narratiunculis
596 1313 704 1374 aetate
727 1311 874 1390 superior
895 1311 1032 1376 Platone
1060 1311 1208 1376 habetur.
1253 1311 1289 1376 ln
1311 1309 1429 1392 quibus
1452 1327 1538 1390 quae

240 1417 285 1480 ad
306 1413 493 1479 Antimachi
521 1417 663 1477 aetatem
685 1413 858 1494 pertinent,
880 1431 948 1476 non
970 1413 1076 1477 solum
1099 1414 1181 1478 inter
1203 1433 1239 1477 se
1263 1413 1446 1488 concinunt,
1477 1413 1538 1476 sed

241 1519 341 1582 etiam
371 1535 445 1581 cum
467 1515 598 1597 reliquis
627 1515 821 1580 testimoniis
844 1517 885 1579 de
907 1515 1093 1581 Antimachi
1115 1518 1224 1580 aetate
1245 1516 1396 1598 acceptis.
1440 1515 1537 1578 Plato

242 1621 328 1684 enim
361 1624 458 1684 natus
492 1622 542 1682 est
571 1618 613 1682 ol.
642 1619 694 1682 88.
725 1619 755 1682 1.
799 1618 992 1683 Commissio
1027 1622 1147 1695 autem,
1182 1637 1281 1700 quam
1314 1619 1347 1682 in
1380 1618 1538 1700 Lysandri

241 1723 400 1788 honorem
430 1720 643 1785 Antimachus
677 1724 709 1784 et
735 1721 904 1784 Niceratus
935 1722 1129 1797 habuerunt,
1164 1721 1248 1786 circa
1277 1722 1319 1785 ol.
1351 1722 1394 1784 94
1422 1720 1538 1784 habita

241 1826 369 1890 videtur
398 1844 480 1901 esse,
510 1823 543 1887 id
575 1827 623 1888 est
646 1823 730 1887 circa
752 1823 851 1887 linem
873 1823 950 1886 belli
972 1823 1249 1904 Peloponnesiaci,
1274 1843 1349 1888 cum
1370 1823 1539 1905 Lysander

242 1948 371 1994 summa
399 1928 501 2009 gloria
530 1927 647 1990 floruit.
702 1925 787 1989 Nam
817 1925 923 1989 cidem
957 1925 1132 2006 olympiadi
1162 1926 1395 1990 Antimachum
1427 1929 1538 1990 aetate

241 2035 412 2096 ilorentem
432 2022 686 2112 Apollodorus3)
710 2029 868 2110 ascripsit,
900 2029 989 2093 cuius
1011 2029 1094 2092 ratio
1118 2028 1161 2092 ad
1183 2031 1314 2109 tempus
1337 2028 1421 2092 illius
1444 2047 1536 2092 com-

240 2135 403 2200 missionis
424 2134 552 2197 videtur
575 2132 738 2214 applicata
760 2150 841 2194 esse.
885 2130 1105 2212 Apollodorus
1135 2136 1246 2196 autem
1276 2131 1393 2195 aetatis
1420 2131 1538 2194 florem

241 2239 275 2301 in
298 2236 547 2318 quadragesimo
569 2236 654 2298 vitae
677 2253 763 2298 armo
786 2234 941 2314 ponebat.
994 2234 1119 2312 Quodsi
1148 2237 1279 2315 tempus
1307 2233 1418 2298 natale
1439 2233 1536 2296 Anti-

241 2341 349 2404 machi
378 2341 411 2403 in
434 2340 475 2403 ol.
499 2339 542 2402 84
570 2337 759 2420 ponendum
788 2339 846 2411 est,
876 2336 930 2399 hic
952 2341 1106 2416 quattuor
1129 2336 1366 2419 olympiadibus
1388 2336 1538 2417 superior

240 2443 377 2508 Platone
399 2442 468 2506 luit.
519 2441 625 2518 Quam
647 2439 680 2503 in
703 2438 863 2503 rationem
886 2438 964 2502 illud
987 2458 1117 2520 quoque
1140 2439 1300 2515 convenit,
1329 2440 1418 2520 quod
1439 2439 1536 2502 Anti-

242 2545 378 2609 machus
401 2543 606 2609 Stesimbroti
629 2542 758 2606 auditor
780 2541 880 2605 fuisse
903 2541 1028 2605 dicitur.

327 2644 597 2728 Stesimhrotus4)
619 2645 716 2720 enim,
739 2644 766 2707 si
784 2646 931 2707 veterum
948 2644 1136 2708 testimonia
1154 2645 1329 2726 sequimur,
1353 2645 1496 2709 Cimonis
1507 2643 1535 2728 5)

241 2754 275 2815 et
295 2750 425 2814 Periclis
433 2748 459 2828 6)
489 2749 549 2814 fuit
575 2746 721 2828 aequalis
747 2748 779 2808 et
800 2746 941 2810 Nicerati
963 2745 1170 2810 Atheniensis
1179 2745 1207 2831 7)
1238 2749 1401 2828 magister,
1424 2748 1535 2812 Niciae

241 2853 307 2929 tilii,
330 2871 429 2933 quem
451 2871 525 2915 cum
548 2851 599 2928 (cl.
622 2850 755 2930 Krdger,
779 2849 862 2913 Hist.
884 2849 962 2930 phil.
987 2849 1079 2914 Stud.
1102 2849 1140 2926 ll,
1164 2850 1240 2934 291)
1264 2850 1305 2913 ol.
1326 2851 1378 2914 89.
1405 2852 1420 2914 1
1445 2850 1535 2933 (444)

241 2955 518 3020 adolescentulum
547 2953 590 3017 ad
620 2971 712 3016 arma
741 2953 883 3032 gerenda
912 2952 1066 3016 idoneum
1092 2951 1192 3016 fuisse
1214 2952 1365 3028 sciamus,
1396 2952 1533 3016 Stasim-

240 3058 373 3122 hrotum
394 3057 524 3121 audisse
546 3055 649 3119 multo
672 3058 748 3119 ante
771 3055 813 3118 ol.
832 3056 873 3118 88
895 3075 963 3118 non
984 3052 1103 3136 potest.
1138 3054 1270 3118 Librum
1293 3059 1413 3131 autem,
1437 3074 1535 3136 quem

241 3161 282 3223 de
311 3160 454 3236 Chaone,
484 3157 682 3239 Thucydide,
712 3156 835 3221 Pericle
860 3157 996 3239 scripsit,
1028 3157 1262 3221 Stesimbrotus
1292 3161 1368 3222 ante
1395 3162 1535 3221 mortem

240 3261 420 3344 Xanthippi
442 3262 572 3326 Periclis
601 3260 658 3324 lilii
687 3260 728 3323 ol.
752 3261 803 3324 87.
828 3260 847 3322 3
870 3263 962 3340 peste
993 3260 1129 3341 abrepti,
1161 3277 1259 3340 quem
1279 3263 1443 3324 mortuum
1465 3261 1534 3341 ipse

330 3415 351 3482 ¹)
377 3415 447 3468 Plut.
465 3416 510 3468 vil.
529 3414 646 3482 Lysand.
666 3431 688 3468 c.
708 3415 752 3468 18:
776 3411 887 3467 Πλάτων
912 3414 939 3466 δὲ
964 3417 1018 3472 νέος
1037 3411 1074 3467 ὢν
1094 3413 1152 3466 τότι
1170 3415 1214 3466 καὶ
1232 3413 1372 3479 θαυμάζων
1391 3413 1435 3466 τὸν
1454 3411 1535 3465 Ἀντί-

241 3519 327 3570 μαχον
353 3501 393 3553 ur
414 3503 447 3572 τῇ
472 3489 597 3573 ποιητικῇ
618 3501 717 3569 βαρέως
741 3503 852 3571 φέροντα
874 3501 922 3568 τὴν
944 3495 1025 3552 ἧτταν
1045 3499 1206 3568 ἀνελάμβανε
1224 3500 1268 3553 καὶ
1289 3499 1461 3568 παρεμυθεῖτο
1481 3506 1535 3558 τοῖς

240 3586 358 3652 ἀρνοοῦαι
376 3585 456 3638 κακόν
476 3585 539 3638 εἶναι
557 3588 669 3658 φάμενος
688 3588 734 3655 τὴν
754 3582 856 3655 ἄγνοιαν
876 3580 962 3653 ὥοπερ
981 3587 1028 3652 τὴν
1048 3585 1196 3658 τυφλότητα
1214 3592 1269 3644 τοῖς
1288 3587 1324 3655 μὴ
1344 3586 1486 3654 citamus.

326 3671 348 3736 2)
376 3671 480 3729 Heracl.
499 3672 577 3726 Pont.
596 3687 639 3740 ap.
658 3672 783 3725 Proclum
801 3672 836 3724 ad
854 3671 921 3724 Plat.
939 3671 1007 3724 Tim
1023 3672 1043 3735 l,
1061 3687 1088 3738 p.
1104 3671 1151 3724 88:
1171 3669 1342 3742 Ἡρακλείδης
1360 3675 1421 3739 γοῦν
1439 3671 1452 3722 ο
1471 3668 1534 3724 Πον-

240 3756 309 3816 τικός
332 3775 408 3826 φησιν
432 3755 471 3810 ότι
493 3761 545 3812 τῶν
564 3757 687 3826 Χοιρίλον
711 3759 769 3809 τότε
792 3756 997 3824 εὐδοκιμούντων
1016 3754 1126 3809 Πλάτων
1149 3759 1181 3809 τὰ
1200 3754 1359 3828 ’λντιμάχου
1377 3757 1535 3827 προύτίμηαε

240 3844 282 3895 καλ
305 3842 381 3896 αὐτόν
404 3843 485 3897 Ιπειαι
507 3844 550 3896 τὸν
570 3842 743 3913 Ἡρακλείδην
770 3843 804 3900 τίς
829 3839 976 3907 Κολοφῶνα
1003 3841 1113 3896 ἐλθόντα
1137 3843 1168 3894 τὰ
1189 3844 1321 3912 ποιήματα
1345 3842 1463 3902 συλλέξαι
1487 3844 1531 3894 τοῦ

241 3929 340 3994 ἀνδρός.
367 3929 488 3984 Platonis
503 3930 696 3984 Antimachum
712 3929 836 3983 admirati
850 3928 979 3981 iudicium
997 3933 1024 3982 et
1043 3928 1173 3982 aDuride
1191 3933 1217 3982 et
1235 3945 1252 3981 a
1266 3928 1431 3984 Callimacho
1447 3945 1535 3996 repre-

239 4015 355 4068 hensum
373 4031 431 4068 esse
449 4016 560 4069 Procius
577 4031 692 4084 pergens
709 4019 809 4068 narrat.

326 4099 349 4167 3)
376 4101 453 4155 Diod.
472 4102 547 4164 XIII,
569 4101 631 4154 108:
655 4098 712 4154 καθ’
733 4095 765 4153 ὅν
784 4100 816 4169 δὴ
834 4099 929 4172 χρόνον
949 4097 996 4166 (ol.
1014 4100 1055 4163 94,
1076 4099 1101 4168 1)
1120 4101 1165 4152 καὶ
1183 4097 1343 4171 Ἀντίμόχον
1362 4099 1405 4151 τόν
1423 4101 1535 4169 ποιητὴν

236 4182 428 4258 Ἀπολλόδωρος
444 4187 457 4238 ὁ
476 4185 618 4256 Ἀθηναῖός
635 4204 710 4256 φησιν
727 4186 878 4257 ἠνλληκόναι.

326 4271 716 4341 Nmkffdstpffi

326 4356 349 4422 ⁵)
366 4358 435 4411 Plut.
454 4357 520 4411 Cim.
539 4375 562 4412 c.
580 4359 610 4412 4τ
635 4360 691 4427 περὶ
709 4356 752 4409 τὸν
772 4356 849 4410 αότὸν
868 4355 932 4422 ὁμοῦ
952 4375 975 4408 τι
994 4359 1088 4428 χρόνον
1106 4361 1143 4430 τῷ
1163 4353 1267 4424 Κίμωνι
1284 4358 1403 4427 γεγονώς.

326 4441 348 4506 ⁶)
377 4443 478 4497 Athen.
496 4443 567 4508 Xlll,
585 4460 611 4511 p,
629 4443 721 4497 asad:
746 4445 813 4495 κατὰ
832 4443 892 4502 τοὺς
909 4443 1001 4500 αὐτοὺς
1020 4442 1090 4515 αὐτῷ
1109 4440 1248 4512 (Περικλεῖ)
1266 4442 1382 4515 χρόνους.
1393 4441 1538 4510 γινόμενος.

326 4527 348 4596 7)
366 4527 490 4596 Xenoph.
513 4529 603 4596 Symp.
627 4529 679 4594 ΙΙΙ,
704 4531 734 4583 6:
758 4527 795 4582 Σὺ
819 4530 846 4582 δὲ
865 4527 1048 4600 Στησιμβρότῳ
1065 4547 1092 4581 τι
1110 4530 1154 4581 καὶ
1172 4526 1366 4599 Ἀναξιμόνόρφ
1385 4528 1430 4580 καὶ
1446 4524 1538 4589 ἄλλοις

238 4614 344 4674 πολλοῖς
363 4615 427 4666 πολὺ
446 4613 561 4674 δέδωκας
579 4615 697 4683 ἀργύριον
716 4609 784 4667 ὥστε
803 4615 877 4669 οὐδέν
896 4635 923 4668 αι
941 4619 994 4668 τῶν
1012 4615 1108 4668 πολλοῦ
1128 4613 1206 4674 ἀξίων
1225 4614 1328 4685 trinis.
