3330 5214
628 440 841 504 -41-

30 599 31 620 ¹
106 617 131 677 et
146 611 326 677 Choerilum
348 615 457 677 aetate
479 631 574 693 pares
598 613 702 677 factos
722 612 829 676 eidem
846 610 1022 692 olympiadi
1043 611 1260 688 ascriberent,
1275 611 1381 692 Pany-

105 717 179 780 assin
193 717 364 780 florentem
383 735 494 781 rursus
513 717 547 780 in
562 716 640 780 belli
654 714 922 796 Peloponnesiaci
941 714 1037 777 initio·
1049 713 1193 795 positum
1211 713 1381 778 habemus.

176 819 266 882 Nunc
288 819 471 897 videamuS,
494 824 575 900 quot
596 817 782 883 testimonia
804 837 824 881 a
847 817 1008 881 contraria
1029 821 1123 898 parte
1146 836 1258 881 eorum
1286 820 1382 893 stent,

103 923 148 1003 qui
166 921 344 1002 Panyassin
371 921 543 986 florentem
569 921 603 985 in
625 921 666 984 ol.
691 922 731 985 75
761 923 948 1002 posuerunt.
1000 919 1077 984 'lhia
1104 918 1168 984 iarn
1199 940 1298 1002 supra
1328 940 1382 984 co-

30 1103 31 1108 ,
103 1025 267 1106 gnovirnus
311 1023 457 1088 Primum
480 1025 520 1088 de
542 1024 749 1106 Panyassidis
771 1043 850 1087 nece
874 1027 952 1088 erat.
986 1024 1134 1088 Alterum
1157 1023 1383 1088 continebatur

102 1129 194 1191 verbis
215 1116 251 1211 ἦν
275 1129 323 1192 ἐπὶ
345 1128 404 1192 τῶν
427 1129 596 1209 Περσικῶν,
623 1127 754 1191 tertium
776 1127 883 1190 verbis
906 1130 982 1192 κατὰ
1009 1128 1044 1192 δέ
1071 1152 1148 1199 τινας
1178 1133 1283 1214 πολλῷ
1310 1153 1381 1213 πρε-

47 1259 48 1264 “
105 1233 245 1317 σβότερος,
275 1249 359 1311 quae
388 1231 489 1294 verba
512 1249 551 1294 ex
574 1230 637 1294 alio
668 1234 765 1312 atque
793 1230 848 1294 illa
869 1230 960 1295 fonte
987 1230 1107 1295 hausta
1134 1250 1206 1296 esse
1231 1231 1381 1295 vidimus.

30 1341 31 1344 ’
103 1334 182 1398 Nunc
203 1337 336 1414 quartus
358 1333 451 1396 testis
473 1333 598 1397 accedit
613 1334 651 1410 is,
674 1333 729 1413 qui
750 1334 866 1414 poesin
885 1333 1010 1415 epicam
1029 1334 1221 1398 exstinctam
1240 1334 1381 1416 aPany-

30 1501 32 1530 ,
104 1437 196 1500 asside
218 1435 260 1500 ad
283 1436 385 1500 vitam
403 1436 570 1500 reductam
589 1456 660 1500 esse
678 1435 798 1520 dixit.¹)
832 1436 903 1500 Hoc
923 1436 1008 1500 enim
1027 1457 1124 1501 nemo
1142 1437 1247 1502 dicere
1266 1438 1381 1518 potuit,

104 1541 154 1604 nisi
181 1541 233 1622 qui
256 1539 408 1604 Choerilo
439 1559 513 1603 eum
542 1539 671 1620 putavit
700 1539 909 1621 superiorem.
953 1540 1075 1605 Dixerit
1106 1540 1190 1624 forte
1221 1540 1381 1622 quispiam

30 1651 31 1662 ¹
104 1648 168 1708 ante
189 1643 327 1708 eundem
350 1642 536 1708 Choerilum
557 1642 688 1724 Pigram
709 1647 843 1727 poetam
866 1643 992 1724 epicum
1016 1643 1185 1710 exstitisse.
1226 1642 1324 1708 Cuius
1346 1647 1382 1706 ut

30 1809 31 1832 ἦ
104 1747 281 1810 Artemisiae
304 1746 412 1810 fratris
436 1765 509 1810 cum
525 1745 587 1810 llos
609 1747 679 1810 sine
702 1747 801 1811 dubio
824 1747 866 1811 ol.
884 1746 924 1810 75
948 1747 1106 1827 ascriptus
1130 1745 1180 1824 sit,
1202 1746 1382 1828 Panyassin

30 1849 31 1924 J
105 1869 137 1913 eo
153 1849 348 1930 superiorem
366 1849 464 1912 fuisse
484 1852 645 1930 oportere,
667 1853 704 1914 ut
724 1849 849 1932 epicam
865 1849 980 1929 poesin
999 1869 1164 1914 recreasse
1181 1851 1243 1914 dici
1259 1854 1381 1932 posset.

30 1947 31 1974 .
105 1952 159 2016 Sed
170 1952 281 2033 Pigrae
303 1951 392 2015 nulla
415 1954 464 2015 est
485 1951 568 2015 ratio
591 1952 755 2017 habenda.
789 1954 869 2018 Tres
886 1952 973 2016 enirn
992 1952 1033 2016 de
1049 1952 1256 2033 Panyassidis
1273 1958 1383 2018 aetate

104 2055 257 2135 opiniones
287 2053 387 2118 fuisse
416 2053 496 2116 nihil
522 2056 572 2118 est
601 2075 656 2120 cur
686 2057 866 2120 credamus.
915 2056 964 2118 Ac
990 2055 1069 2119 satis
1096 2055 1253 2120 obscurus
1283 2059 1382 2138 poeta

30 2217 31 2240 ,
103 2157 199 2238 Pigres
221 2159 295 2234 fuit,
324 2160 362 2220 ut
384 2157 507 2238 optimo
530 2157 613 2235 iure,
644 2178 686 2222 ne
708 2159 916 2240 Panyassidis
939 2159 980 2222 de
1002 2157 1095 2240 poesi
1123 2157 1215 2238 epica
1236 2162 1382 2222 recreata

30 2285 31 2314 1
103 2259 239 2324 meritum
262 2261 500 2338 obscuraretur,
523 2261 649 2342 neglegi
669 2265 790 2343 posset.

178 2363 331 2440 Consili0,
366 2383 408 2426 ne
439 2363 587 2444 quaestio
618 2363 714 2428 nimis
743 2365 977 2447 implicaretur,
1010 2365 1118 2429 adhuc
1147 2363 1382 2429 reservavimus

101 2467 218 2532 Eusebii
242 2467 333 2531 Arm.
365 2469 397 2530 et
425 2464 613 2547 Hieronymi
642 2465 909 2551 testimonium²)‚
938 2468 993 2549 qui
1014 2468 1194 2549 Panyassin
1221 2467 1262 2531 ol.
1288 2467 1383 2537 724

30 2565 31 2572 '
101 2569 242 2635 illustrem
264 2568 380 2634 haberi
402 2568 518 2632 ferunt.
554 2568 650 2646 Quod
671 2570 902 2648 testimonium,
927 2572 987 2636 etsi
1003 2591 1090 2635 nunc
1107 2571 1196 2634 omni
1214 2574 1382 2635 momento

30 2679 31 2730 Ὺ
103 2677 188 2750 caret,
203 2677 315 2737 tamen
332 2672 513 2736 accuratius
526 2673 748 2750 tractabimus,
764 2674 1002 2755 quiaomnibus
1014 2674 1122 2738 adhuc
1132 2675 1228 2754 longe
1239 2673 1381 2737 maximo

30 2823 32 2868 ,
102 2777 216 2841 videtur
237 2775 471 2864 impedimento
494 2775 609 2853 fuisse,
637 2776 809 2857 quominus
838 2778 879 2841 de
901 2776 1109 2858 Panyassidis
1140 2779 1248 2840 aetate
1274 2795 1382 2840 rerum

30 2873 31 2960 j
103 2881 312 2944 condicionem
335 2882 422 2944 recte
444 2877 674 2960 perspicerent.
1068 2871 1069 2874 '

30 3045 31 3066 ,
176 2983 298 3048 Nullius
337 2981 495 3046 momenti
531 2981 595 3046 hoc
633 2983 855 3048 testimonium
897 2983 963 3048 iam
1003 3003 1074 3047 esse
1113 2982 1252 3046 diximus
1284 2982 1382 3063 idque

30 3149 31 3172 ,
104 3087 212 3167 optimo
246 3087 314 3152 iure
349 3084 411 3148 dici
439 3085 535 3148 nobis
565 3085 701 3151 videtur.
761 3086 846 3151 Nam
877 3085 998 3151 Suidae
1028 3086 1083 3150 illa
1114 3087 1155 3150 de
1184 3085 1383 3166 Panyasside

102 3187 234 3275 verbaip
247 3192 364 3254 ἐπὶτῶν
380 3188 531 3272 Περσικῶν
547 3188 589 3252 ad
609 3209 732 3253 annum
748 3208 878 3271 pugnae
896 3189 1121 3254 Marathoniae
1137 3188 1267 3265 referre,
1284 3208 1383 3268 quarn

30 3369 31 3372 Ἴ
102 3309 273 3371 perversum
299 3292 354 3368 sit,
384 3291 449 3355 iarn
472 3312 572 3373 supra
595 3293 898 3357 demonstravimus,
942 3291 1052 3356 Tertia
1080 3296 1190 3357 autern
1213 3291 1259 3356 de·
1275 3292 1381 3372 Pany-

30 3375 31 3408 r
103 3394 205 3458 assidis
227 3398 335 3459 aetate
357 3394 468 3476 opinio
492 3395 623 3460 Eusebii
644 3395 831 3460 testimonio
853 3395 938 3459 tradi
960 3415 1028 3459 non
1049 3398 1167 3477 potest.
1207 3395 1292 3458 Nam
1314 3414 1382 3458 non

102 3496 165 3576 plus
186 3499 265 3563 duas
289 3498 330 3562 de
352 3497 408 3562 illa
430 3497 600 3580 opiniones
630 3499 730 3563 luisse
761 3519 800 3562 ex
827 3498 865 3562 iis
896 3498 974 3562 satis
1003 3501 1155 3581 apparet,
1184 3517 1268 3578 quae
1296 3497 1383 3578 apud

30 3607 31 3642 r
103 3598 224 3666 Suidarn
251 3602 292 3665 de
321 3601 385 3664 hac
413 3621 448 3664 re
477 3606 690 3683 exponuntur.
736 3602 898 3680 Quoniam
927 3601 1023 3682 igitur
1051 3600 1130 3664 illud
1160 3601 1383 3665 testimonium

30 3711 31 3728 ¹
103 3708 217 3782 oportet
239 3704 283 3768 ad
300 3703 489 3768 alterutram
512 3704 698 3786 opinionem
720 3706 918 3788 applicatum
936 3725 1017 3781 esse,
1039 3703 1218 3784 Panyassin
1234 3703 1275 3766 ol.
1295 3703 1384 3767 774

103 3804 138 3866 ab
167 3806 200 3870 iis
229 3807 404 3888 ascriptum
436 3826 505 3870 esse
535 3812 685 3888 apparet,
716 3809 771 3889 qui
799 3809 971 3872 florentem
1001 3808 1035 3870 in
1058 3807 1098 3871 ol.
1124 3807 1164 3870 75
1194 3809 1382 3886 posuerunt.

102 3905 220 3974 illustris
242 3910 330 3974 enirn
351 3909 523 3990 Panyassis
546 3910 587 3973 ol.
612 3911 663 3974 77.
682 3912 703 3974 4
724 3912 838 3976 haberi
860 3930 927 3974 non
948 3913 1088 3992 poterat,
1111 3910 1138 3972 si
1160 3909 1201 3973 ol.
1224 3909 1265 3972 78
1288 3913 1383 3972 natus

102 4013 274 4089 putabatur.

178 4116 239 4180 Sed
262 4133 405 4191 curnam,
430 4115 456 4207 si
480 4115 520 4179 ol.
545 4116 630 4181 75.1
655 4117 775 4182 florens
797 4117 1029 4193 ascribebatur,
1053 4115 1095 4179 ol.
1114 4116 1165 4180 77.
1184 4115 1207 4178 4
1225 4115 1383 4195 ascriptus

102 4219 162 4279 est?
192 4218 334 4283 Rectene
357 4237 400 4281 an
421 4217 503 4282 falso
526 4219 602 4283 huic
622 4219 762 4301 tempori
785 4221 941 4302 ascriptus
958 4222 1026 4284 est?
1060 4219 1146 4282 Num
1163 4217 1233 4282 lieri
1249 4217 1381 4281 omnino

101 4321 196 4397 potu't
216 4326 251 4386 ut
273 4323 361 4384 recte
385 4321 414 4383 ei
436 4321 670 4387 ascriberetur?

106 4431 352 4444 Ἣ

179 4473 200 4542 ¹)
225 4477 297 4531 Suid.
316 4495 338 4530 s.
356 4491 381 4527 y.
407 4472 546 4533 [Ιανύασιςε
565 4471 593 4536 ὃς
612 4474 697 4545 (ssav.)
717 4477 866 4546 σβεσθεῖσαν
885 4479 933 4546 τὴν
951 4479 1086 4546 ποιητικὴν
1106 4477 1275 4546 ἐπανήγαγεν.
1336 4547 1338 4552 Ι

178 4559 200 4629 ²)
225 4563 338 4628 Eusebii,
358 4561 476 4616 chronic.
500 4560 539 4626 II,
563 4580 589 4631 p.
616 4564 672 4616 102.
700 4563 748 4616 103
774 4563 859 4618 versio
884 4564 972 4617 Arm:
1003 4564 1145 4631 Panyasus
1173 4568 1255 4631 poeta
1283 4578 1382 4631 cogno-

101 4643 223 4706 scebatur,
257 4650 451 4717 Hieronymus:
476 4648 618 4703 Panniasis
636 4655 718 4717 poeta
735 4650 851 4704 habetur
868 4650 995 4704 inlustris.
