3330 5214
693 427 906 490 ..95-

145 602 396 676 commemoret,
427 599 594 679 scripsisse
624 618 692 662 non
720 602 839 679 potest
852 599 875 677 1)
926 601 1035 665 Aetati
1057 602 1153 682 igitur
1181 601 1258 666 belli
1279 603 1443 686 Pelopon-

144 700 272 764 nesiaci
284 701 535 766 Stesimbrotum
552 701 759 765 coniunctum
771 701 941 780 habemus,
954 705 1043 768 ouius
1055 704 1182 769 initium
1194 705 1227 769 in
1240 706 1281 769 ol.
1294 707 1335 769 87
1348 708 1442 787 poni-

144 807 212 868 tur.
257 804 369 885 Itaque
391 804 547 886 temporis
570 805 653 869 ratio
675 823 743 867 non
766 804 886 882 obstat,
909 807 1083 886 quominus
1104 807 1320 873 Antimachus
1348 809 1444 874 fuerit

145 907 358 972 Stesimbroti
370 909 508 984 auditor,
515 927 613 989 quem
626 907 666 971 ol.
676 907 720 972 84
726 907 794 971 fere
805 911 901 971 natus
913 909 1043 973 audisse
1055 913 1131 973 ante
1143 911 1184 973 ol.
1194 912 1236 976 88
1245 931 1312 976 non
1324 916 1442 992 potest.

237 1011 409 1092 Panyassis
432 1012 527 1093 igitur
545 1031 606 1076 nee
624 1011 774 1075 dominus
791 1029 851 1074 nec
869 1011 1024 1092 magister
1039 1012 1225 1076 Antimachi
1242 1033 1313 1078 esse
1328 1015 1442 1095 potuit,

145 1114 230 1195 quin
251 1114 336 1178 ultra
359 1115 400 1178 ol.
423 1116 465 1178 88
487 1115 587 1179 vitam
611 1114 808 1178 extenderet.
852 1113 966 1194 Neque
987 1116 1206 1180 necessarium
1226 1119 1276 1179 est
1294 1117 1444 1182 arbitrari

146 1237 227 1280 ernn
247 1215 433 1282 Antimachi
455 1217 644 1299 magistrum
669 1235 781 1280 senem
803 1216 912 1280 fuisse.
951 1217 1065 1293 Immo,
1083 1219 1229 1299 quicum
1248 1223 1355 1284 aetate
1372 1224 1443 1284 tum

144 1319 298 1384 floruisse
320 1324 486 1402 putarent,
509 1320 609 1385 fuisse
632 1319 812 1400 apparebit.

237 1424 280 1488 At
310 1424 364 1504 qui
395 1423 482 1487 idem
512 1421 700 1486 Antimaohi
732 1421 887 1502 magister
919 1426 975 1486 aut
1008 1424 1159 1488 dominus
1193 1423 1292 1487 fuisse
1324 1427 1444 1505 potest,

143 1546 249 1607 quem
278 1527 479 1592 interemisse
508 1525 611 1590 fertur
632 1525 804 1606 Lygdamis
833 1527 1010 1605 tyrannus?
1055 1526 1118 1603 Qui
1146 1527 1302 1606 quoniam
1329 1526 1442 1591 tertius

144 1629 287 1693 civitatis
309 1629 577 1694 Halicamasseae
606 1632 761 1709 tyrannus
789 1625 949 1711 dicitur‚2)
981 1627 1068 1692 haud
1098 1628 1196 1693 dubie
1223 1628 1309 1692 idem
1334 1629 1443 1693 existi-

142 1731 289 1796 mandus
312 1735 371 1809 est,
395 1751 491 1813 quem
514 1731 633 1796 Suidas
655 1729 718 1795 alio
741 1727 849 1812 10003)
870 1731 1002 1794 tertium
1019 1731 1061 1794 ab
1078 1732 1252 1796 Artemisia
1270 1735 1443 1814 tyrannum

142 1835 434 1899 Halicarnasseum
456 1834 613 1898 nominat.
637 1833 741 1897 vUnde
763 1837 902 1914 apparet
923 1833 1012 1914 apud
1030 1832 1166 1897 Suidarn
1188 1853 1214 1897 s,
1234 1854 1263 1897 v.
1285 1834 1442 1911 Πανύασις,

141 1938 206 2002 ubi
228 1937 269 2001 dc
291 1937 386 2002 huius
408 1957 488 2001 nece
516 1937 606 2000 locus
633 1940 693 2013 est,
724 1937 824 2001 verba
854 1935 903 2001 ἀπ’
928 1936 1111 2021 Ἀρτῳισίας
1134 1937 1291 2001 excidisse
1314 1942 1346 2001 et
1368 1941 1443 2002 ante

141 2041 286 2104 verbum
313 2041 410 2124 τρίτου
440 2040 613 2104 inserenda
642 2058 723 2102 esse.
775 2039 861 2102 Nam
890 2039 1098 2102 Artemisiam
1127 2039 1347 2105 Halicarnassi
1376 2059 1443 2104 non

141 2163 258 2208 rerum
290 2143 431 2224 potitam
464 2161 550 2218 esse,
585 2142 643 2206 scd
679 2142 883 2205 dominatum
913 2160 933 2204 a
964 2141 1082 2204 marito
1115 2145 1245 2205 mortuo
1279 2143 1443 2224 accepisse

140 2245 335 2310 Herodotus
359 2249 471 2309 auctor
494 2243 591 2329 esst)
636 2245 807 2326 Lygdamis
829 2247 940 2308 autem
961 2243 1015 2306 ille
1038 2244 1080 2308 ab
1097 2244 1267 2308 Herodoto
1291 2246 1443 2327 expulsus

143 2363 225 2414 esse
247 2347 394 2426 fertur.⁵)
437 2349 545 2430 Atque
568 2368 632 2430 quo
656 2348 723 2412 fere
744 2352 893 2429 ternpore
915 2347 949 2411 id
971 2348 1093 2411 factum
1116 2347 1168 2425 sit,
1190 2347 1443 2433 Kirchhoffiusss)

141 2473 189 2516 ex
224 2471 262 2515 eo
295 2452 542 2528 demonstravit,
573 2452 663 2532 quod
695 2452 728 2515 in
761 2451 923 2514 laterculis
955 2450 1151 2514 tributorum
1179 2451 1294 2516 Atticis
1329 2452 1440 2516 civitas

140 2555 398 2619 Halicarnasson
419 2575 440 2618 a
460 2555 588 2636 tyranni
609 2558 774 2636 potestate
796 2553 898 2618 libera
920 2553 1068 2616 habetur.
1102 2553 1139 2616 In
1156 2552 1206 2616 his
1227 2554 1313 2618 enim
1328 2554 1438 2632 titulis,

138 2677 224 2724 curn
251 2659 378 2740 tyranni
400 2658 654 2722 Atheniensibus
683 2657 804 2721 tributa
833 2656 996 2720 solventes
1023 2655 1217 2720 nominatim
1239 2675 1438 2720 commemo-

136 2764 268 2838 rentur,
295 2760 534 2824 Halicarnassei
561 2760 684 2824 tributa
712 2759 874 2822 solventes
902 2758 943 2821 ol.
967 2758 1019 2821 81.
1043 2758 1063 2821 3
1087 2758 1141 2840 (=
1162 2758 1240 2842 454)
1263 2777 1301 2822 ac
1323 2763 1439 2839 postea

137 2864 210 2946 ipsi
232 2865 440 2928 nominantur
461 2867 618 2946 tanquam
641 2862 725 2926 cives
747 2862 849 2926 liberi.
886 2861 1064 2943 Lygdamin
1080 2861 1175 2942 igitur
1193 2865 1270 2926 ante
1283 2863 1330 2926 ol.
1348 2864 1438 2934 843

137 2967 317 3047 expulsum
339 2987 411 3032 esse
433 2985 568 3030 necesse
590 2970 648 3029 cst.

233 3069 444 3134 Dominatum
483 3073 594 3133 autem
626 3067 799 3149 Lygdamis
832 3065 934 3131 multo
969 3068 1101 3148 quidem
1134 3071 1210 3132 ante
1243 3068 1277 3132 id
1309 3072 1438 3150 tempus

136 3172 308 3254 accepisse
320 3174 441 3254 nequit.
461 3174 576 3238 Fertur
589 3172 676 3236 enim
688 3171 790 3236 Snida
801 3175 934 3235 auctore
946 3171 1151 3236 Pisindelidis
1163 3171 1256 3251 filius,
1268 3172 1438 3236 Pisindelis

136 3279 256 3341 autem
271 3275 464 3339 Artemisiae
481 3273 610 3357 filius‚⁷)
625 3293 722 3355 quem
740 3275 780 3338 ol.
795 3274 844 3338 75.
863 3275 877 3337 1
896 3274 952 3358 (ε
962 3273 1039 3356 480)
1059 3274 1207 3337 iuvenem
1222 3274 1320 3338 fuisse
1331 3274 1437 3338 Hero-

99 3373 107 3384 ”
138 3379 244 3442 dotus
251 3374 278 3460 8)
295 3382 539 3442 commemorat.
563 3376 785 3455 Quamobrem
796 3376 977 3456 Lygdamis‚
992 3375 1119 3440 etiarnsi
1136 3379 1213 3439 ante
1230 3375 1292 3440 hoc
1308 3379 1437 3458 tempus

136 3484 242 3545 natus
259 3479 309 3556 sit,
331 3483 443 3543 tamen
459 3479 562 3544 multo
581 3483 656 3543 ante
674 3479 815 3543 01.81.3
831 3478 1035 3542 dominatum
1054 3477 1217 3557 accepisse
1235 3497 1301 3542 non
1318 3483 1436 3560 potest.

234 3666 254 3724 ¹)
282 3668 315 3722 cf.
334 3667 438 3734 Busolt,
457 3667 561 3721 Griech.
580 3667 674 3721 Gesch.
692 3667 725 3732 Π,
745 3667 803 3720 305.
831 3667 860 3719 F.
877 3667 910 3720 H.
930 3665 959 3719 G.
979 3666 1011 3731 II,
1031 3665 1072 3731 54,
1091 3665 1140 3733 frg.
1161 3666 1199 3719 11.

231 3751 253 3819 ²)
280 3753 378 3808 Suidas
396 3771 416 3810 s.
435 3770 460 3811 v.
475 3751 613 3812 Πανύασιςι
633 3749 763 3825 Ἀνῃρέδη
782 3752 809 3804 δὲ
828 3750 1055 3820 intitubanter
1073 3751 1117 3804 τοῦ
1136 3753 1220 3821 τρίτου
1235 3751 1437 3822 τυραννήσαντας

131 3839 139 3860 ‘
149 3837 354 3907 Αλικαρνασσοῦ.

228 3921 253 3994 3)
280 3943 301 3984 s,
319 3941 344 3979 ν.
359 3923 514 3995 Ἥρδδστας;
533 3926 641 3993 μετίστη
660 3921 847 3994 δ’(Ἠρδδστας)
866 3924 892 3978 ir
912 3921 992 3995 Σάμῳ
1009 3923 1049 3976 διὰ
1066 3920 1198 3994 Λύγδαμιν
1222 3922 1265 3975 τὸν
1284 3921 1333 3975 ἀπὸ
1351 3919 1437 3991 Ἀρτε-

139 4012 228 4076 μισίας
246 4013 330 4084 τρίτον
347 4012 470 4078 τύραννον
488 4010 625 4079 γενόμενον
639 4007 853 4077 Ἃλικαρνασσοδ.

229 4095 253 4166 4)
279 4098 342 4155 Her.
360 4097 416 4160 VII,
435 4099 482 4151 99:
509 4094 565 4166 ἥτις
583 4093 751 4165 (Ἀρτεμισία)
771 4095 945 4155 ἀποθανόντας
970 4099 1016 4149 ταῦ
1035 4094 1125 4166 ἀνδρὸς
1144 4093 1210 4163 αδτή
1228 4111 1257 4145 τε
1275 4093 1370 4164 ἔχουσα
1389 4098 1435 4163 τὴν

141 4182 289 4250 τυραννίδα.

229 4269 252 4336 ⁵)
279 4270 353 4324 Suid.
368 4287 390 4328 s.
403 4286 429 4323 v.
441 4266 593 4340 Ἠρόδοτοτε
610 4266 694 4321 tibba
710 4267 737 4320 δὲ
753 4268 787 4326 είς
798 4265 1000 4336 Ἀλικαρνασσὸν
1017 4267 1059 4318 καί
1073 4265 1115 4317 τὸν
1125 4267 1247 4337 τύραννον
1257 4264 1384 4325 ἐξελάσας.
1394 4304 1401 4318 .
1412 4305 1435 4319 ..

229 4354 251 4422 ⁶)
278 4355 311 4410 A.
329 4356 476 4420 Kirohhoff,
496 4354 607 4408 Studien
625 4371 672 4407 zur
689 4353 789 4407 Gesolr.
805 4353 830 4411 d.
849 4353 947 4420 griech.
966 4351 1054 4420 Alph.‚
1073 4351 1114 4405 ed.
1132 4353 1157 4409 4,
1187 4350 1262 4417 1887,
1280 4367 1306 4418 p.
1325 4351 1349 4404 9.

229 4441 251 4508 7)
275 4441 348 4496 Suid.
367 4457 388 4495 s.
404 4439 595 4509 v.‘deboror:
625 4438 769 4508 [Ιίσίνδηλις
787 4438 834 4507 γὰρ
852 4433 885 4508 ἧν
904 4437 955 4496 υίὸς
968 4435 1128 4507 Ἀρτεμισίας,
1153 4437 1198 4489 τοῦ
1218 4437 1244 4488 δὲ
1263 4434 1435 4504 Πισινδήλιδας

140 4525 282 4594 Λύγδαμις.

227 4611 250 4679 5)
277 4612 340 4666 Her.
358 4610 415 4678 Vll,
435 4615 483 4666 99:
506 4614 549 4664 καὶ
567 4610 656 4671 παιδὸς
674 4611 835 4682 ὑπάρχοντας
852 4611 969 4679 νεηνίεω.
