3330 5214
779 367 992 432 ...14-

239 561 381 624 gnomen
398 541 497 606 fuisse
516 541 586 622 ipse
608 538 878 624 demonstrarit,¹)
902 543 1013 604 tamen
1035 538 1068 602 in
1091 538 1245 620 opinione
1266 541 1428 606 contraria
1449 541 1532 606 hae-

239 665 314 710 rens
336 645 445 709 locum
463 644 693 724 interpretatus
710 645 769 720 est,
793 642 886 724 quasi
900 641 1058 706 Thurium
1073 661 1171 705 nemo
1192 641 1398 707 Herodotmn
1416 645 1534 726 appel-

239 748 349 825 lasset,
375 747 453 828 quin
474 747 594 810 abusu
612 745 777 810 communi
793 745 983 810 discederet.
1018 744 1155 836 Stollius
1171 748 1280 809 autem
1298 745 1534 812 documentum

238 850 315 915 inde
326 850 474 932 sumpsit,
488 849 577 930 quod
590 848 794 913 Herodotum
806 849 957 930 opinatus
969 851 1018 912 est
1030 847 1148 911 anullo
1160 847 1318 912 Thurium
1330 849 1533 931 appellatum

239 973 311 1018 esse
332 953 395 1017 nisi
417 953 472 1034 qui
493 951 699 1016 Herodotmn
720 951 850 1016 Thuriis
872 950 1072 1014 domicilium
1094 950 1270 1014 collocasse
1293 951 1532 1032 significaturus

214 1059 216 1066 ’
239 1060 334 1120 esset.
384 1055 507 1119 Neutra
535 1054 630 1134 igitur
659 1054 769 1134 opinio
790 1054 923 1136 probari
945 1056 1069 1135 potest,
1100 1053 1162 1117 nisi
1184 1053 1343 1118 Thorium
1365 1054 1532 1137 appellare

238 1158 443 1224 Herodotum
465 1157 554 1240 apud
574 1160 701 1220 veteres
723 1156 912 1220 inusitatum
934 1156 1003 1220 fuit.

325 1279 369 1342 At
391 1278 487 1356 longe
509 1276 609 1340 alium
631 1276 664 1338 in
686 1275 749 1339 hac
770 1294 806 1338 re
827 1279 974 1340 veterum
995 1296 1073 1340 usus
1097 1297 1132 1340 se
1153 1278 1299 1358 praebet.
1334 1277 1532 1359 Quanquam

239 1381 326 1445 enim
364 1380 452 1462 apud
491 1379 664 1460 scriptores
703 1377 892 1460 posterioris
930 1380 1047 1444 aetatis
1084 1380 1271 1445 Herodotus
1313 1397 1382 1443 non
1423 1380 1530 1444 minus

237 1483 504 1547 Halicarnasseus
534 1501 634 1563 quam
663 1481 803 1545 Thurius
833 1481 1069 1562 appellabatur,
1100 1486 1211 1547 tamen
1241 1481 1422 1546 diutissime
1450 1483 1530 1547 illud

239 1605 419 1666 cognomen
445 1585 650 1662 inusitatum,
680 1584 743 1648 hoc
771 1584 804 1647 in
832 1603 895 1647 usu
922 1584 1028 1647 solum
1056 1584 1125 1649 luit.
1175 1585 1289 1666 Itaque
1315 1585 1343 1648 si
1369 1584 1530 1650 Thurium

237 1688 333 1752 Duris
354 1688 559 1752 Herodotum
582 1687 789 1768 appellasset,
813 1686 931 1751 eodem
953 1686 1145 1768 cognomine
1166 1706 1244 1750 usus
1268 1691 1354 1751 esset
1374 1707 1415 1752 ac
1431 1689 1530 1752 ceteri

239 1809 362 1855 omnes.
396 1791 510 1871 Neque
526 1790 622 1870 igitur
638 1794 706 1854 erat
728 1789 836 1854 curin
855 1789 1062 1870 Panyassidis
1081 1790 1147 1854 vita
1166 1790 1207 1854 de
1227 1789 1397 1854 Herodoto
1417 1810 1528 1872 super·

237 1913 416 1958 vacaneum
438 1893 517 1957 illud
540 1895 858 1957 commemoraretur.

324 2013 480 2077 Videlicet
507 2012 535 2075 si
556 2012 743 2076 Herodotus
770 2013 803 2076 in
824 2013 897 2077 libri
920 2013 970 2077 sui
995 2013 1095 2082 initio,
1111 2013 1172 2077 sibi
1195 2013 1445 2078 Halioamasseo
1472 2034 1527 2079 co-

238 2136 379 2198 gnomen
390 2115 543 2193 dedisset,
563 2134 647 2196 quae
658 2114 753 2178 lectio
764 2135 851 2179 nunc
863 2117 1013 2180 omnibus
1030 2116 1097 2180 lere
1114 2116 1203 2180 haud
1220 2116 1371 2198 ambigue
1387 2117 1528 2198 genuina

238 2219 372 2295 videtur,
394 2218 474 2282 illud
497 2237 677 2299 cognomen
699 2217 889 2281 inusitatum
912 2238 983 2282 esse
1004 2238 1172 2299 nunquam
1194 2219 1309 2299 potuit.
1348 2219 1414 2283 Sed
1435 2220 1527 2284 Hali-

237 2340 445 2386 carnasseum
474 2319 660 2385 Herodotus
689 2319 744 2382 illo
774 2319 846 2383 loco
875 2340 910 2384 se
938 2321 1121 2404 appellasse
1151 2339 1219 2384 non
1250 2324 1369 2401 potest.
1418 2322 1527 2404 Atque

238 2425 405 2501 editiones
436 2443 520 2504 quae
548 2442 587 2486 eo
618 2422 810 2503 cognomine
839 2426 1016 2500 uterentur,
1047 2424 1102 2487 diu
1127 2423 1232 2487 nullas
1261 2423 1360 2487 luisse
1389 2428 1526 2506 oportet.

236 2527 321 2590 Nam
344 2526 400 2590 diu
422 2526 612 2590 inusitatum
633 2525 667 2588 id
689 2525 788 2589 fuisse
809 2528 956 2589 veterum
977 2526 1164 2591 testimonia
1186 2527 1315 2590 docent.

322 2647 467 2711 Primum
500 2649 618 2709 testem
649 2643 884 2729 ¹Strabonem2)
925 2645 1042 2723 affero,
1073 2646 1128 2727 qui
1160 2645 1247 2709 viros
1279 2646 1406 2710 nobiles
1435 2646 1528 2710 Hali-

237 2749 381 2813 camassi
410 2752 506 2812 natos
537 2765 730 2811 enumerans
759 2747 964 2812 Herodotum
993 2752 1109 2828 postea
1138 2735 1305 2812 Thurium*
1329 2749 1529 2830 appellatum

237 2872 309 2915 esse
332 2852 417 2928 dicit,
447 2850 535 2932 quod
562 2849 708 2914 coloniae
730 2850 871 2914 Thuriae
895 2851 971 2914 civis
994 2850 1098 2914 laetus
1122 2854 1217 2915 esset.
1263 2850 1355 2928 Quae
1377 2852 1478 2915 verba
1500 2853 1528 2914 si

235 2954 316 3018 nihil
336 2954 474 3034 amplius
490 2952 551 3016 sihi
569 2952 699 3029 vellent,
720 2953 782 3016 nisi
805 2954 945 3018 eundem
963 2954 1168 3018 Herodotum
1186 2952 1471 3017 Halicarnasseum
1489 2973 1529 3017 ac

236 3057 395 3120 Thurium
417 3055 589 3137 appellari,
619 3055 709 3118 loeus
737 3056 807 3119 aliis
829 3056 936 3121 verbis
959 3056 1073 3121 haberi
1096 3057 1230 3120 deberet
1257 3058 1355 3136 atque
1377 3055 1526 3120 habetur.

237 3159 331 3223 Certe
348 3159 434 3223 enim
453 3161 529 3221 ante
546 3157 672 3242 Θούριον
694 3159 830 3222 κοτίνοιο
853 3162 903 3224 καί
921 3159 1190 3224 inseri'debebat.
1225 3155 1322 3236 Quod
1341 3179 1415 3222 cum
1433 3159 1530 3237 desit,

235 3261 404 3325 Herodoto
433 3260 684 3324 Halicamasseo
715 3281 895 3342 cognomen
924 3267 1053 3344 oportet
1084 3262 1254 3326 Strabonis
1281 3264 1430 3343 tempore
1458 3265 1530 3324 tam

235 3383 309 3427 raro
337 3364 451 3428 datum
479 3383 560 3441 esse,
582 3366 619 3426 ut
647 3363 753 3427 dicere
779 3365 998 3430 necessarium
1021 3349 1183 3430 videretur
1209 3364 1414 3428 Herodotum
1435 3364 1529 3427 Hali-

236 3485 444 3530 carnasseum
473 3486 494 3530 a
522 3466 644 3529 Thurio
674 3485 741 3530 non
768 3468 930 3532 diversum
961 3489 1042 3532 esse.
1098 3468 1246 3532 Dicturus
1279 3466 1375 3546 igitur
1408 3467 1529 3530 Strabo

237 3572 306 3632 erat
324 3568 539 3645 Herodotum,
559 3569 647 3649 quod
667 3569 829 3634 civitatem
845 3571 1129 3635 Halicarnasseam
1145 3570 1269 3634 Thuria
1285 3572 1529 3646 commutasset,

235 3670 520 3735 Halicarnasseum
549 3672 710 3736 nominari
739 3673 880 3737 desitum
909 3693 991 3750 esse,
1018 3673 1142 3754 idquod
1169 3693 1204 3736 re
1233 3673 1304 3754 ipsa
1333 3672 1529 3754 postulatur,

236 3794 309 3837 cum
331 3773 535 3838 Herodotum
556 3775 709 3855 aequales
729 3779 814 3839 certe
831 3795 899 3839 non
916 3775 1056 3856 apatria
1073 3775 1316 3856 appellaverint,
1340 3776 1398 3839 sed
1415 3795 1435 3839 a
1451 3775 1528 3838 civi-

324 4027 345 4096 1)
373 4046 397 4096 p.
417 4030 457 4082 ro.
478 4030 519 4083 71.

322 4128 344 4197 ²)
373 4131 470 4184 Strabo
489 4133 549 4186 XIV
567 4121 597 4185 2.
610 4150 635 4201 p.
655 4134 714 4186 656.
746 4130 834 4202 ἄνδρες
854 4132 880 4184 δὲ
904 4132 1036 4202 γεγόνασιν
1055 4131 1082 4193 ἐξ
1100 4133 1180 4204 αὐτῆς
1204 4129 1431 4202 ((Αλικσρνασσοῦ)
1461 4131 1528 4202 Ηρό-

235 4214 307 4272 iord:
326 4234 352 4267 τε
371 4215 384 4268 ὁ
403 4219 565 4287 συγγραφεύς,
580 4213 613 4270 -ὃν
632 4215 735 4289 ὕστερον
750 4217 857 4288 Θούριον
875 4218 999 4272 ἐκάλεσαν
1019 4218 1060 4271 διὰ
1077 4219 1106 4272 τὸ
1125 4223 1281 4290 κοινωνῆσαι
1296 4222 1342 4288 τῆς
1358 4220 1392 4278 είς
1406 4217 1528 4290 Θουρίους

234 4302 359 4361 ἀποικίας.
395 4302 437 4356 Ad
456 4303 570 4356 civitatis
589 4300 788 4370 possessionem
807 4305 890 4358 verba
914 4303 955 4356 διὰ
972 4303 1001 4356 τὸ
1019 4306 1176 4376 κοινωνῆσαι
1194 4309 1241 4375 τῆς
1259 4306 1294 4365 είς
1311 4301 1433 4377 Θουρίους
1456 4307 1528 4358 ἀποι-

234 4388 289 4446 κίας
308 4393 428 4455 spectare
447 4395 559 4457 apparet
576 4389 713 4442 Plutarchi
730 4389 791 4442 loco
810 4390 908 4443 collato
928 4388 972 4456 (de
987 4389 1077 4458 exilio)
1096 4390 1123 4444 G.
1139 4391 1181 4444 18:
1205 4392 1235 4444 τὸ
1255 4392 1282 4444 δὲ
1296 4388 1440 4460 Ἡροδότου
1454 4387 1528 4446 ‘Au-

233 4475 397 4542 καρνοισσίως
415 4475 526 4543 ἱστορίης
545 4472 671 4534 ἀπόδειξις
688 4469 735 4544 ἥδε
754 4475 843 4528 πολλοὶ
867 4475 1070 4544 μεταγράφουσιν
1091 4473 1236 4549 Ἠροδίτου
1255 4475 1372 4546 Θουρίου·
1390 4477 1529 4548 μετῴκησε

233 4559 281 4629 γὰρ
301 4559 335 4619 είς
353 4555 474 4628 Θουρίους
492 4560 598 4630 καὶτῆς
617 4560 735 4619 ἀποικίας
753 4559 851 4630 ἐκείνης
869 4563 985 4631 μετέσχε.
