3330 5214
784 411 996 474 ..30-

244 585 347 648 filium
369 584 399 649 ei
420 583 520 648 fuisse
538 583 698 647 iuvenem.
731 582 873 646 Dubium
891 582 987 663 igitur
1005 601 1072 648 non
1091 602 1173 659 esse,
1196 583 1274 664 quin
1293 582 1403 647 animo
1422 583 1547 648 audaci
1661 606 1662 644 2

245 692 343 768 atque
377 687 459 750 virili
495 685 634 767 impulsa
671 684 868 766 expeditioni
908 685 1120 762 interfuisset,
1161 685 1195 748 id
1229 686 1318 767 quod
1350 685 1546 750 Herodotus
1653 739 1659 750 .

245 789 526 853 demonstraturus
556 791 635 865 erat,
667 807 740 851 cum
771 790 869 852 antea
899 787 1014 851 dixerit
1044 787 1259 852 admiratione
1286 787 1419 869 dignam
1440 789 1545 853 Arte-

244 891 372 955 misiam
403 911 474 955 esse
500 894 537 955 ut
564 890 730 954 feminam.
774 890 961 954 Provectior
987 889 1082 971 igitur
1108 893 1216 954 aetate
1237 890 1322 955 filius
1345 896 1415 955 erat
1437 903 1546 974 quam

243 993 335 1058 utin
358 993 470 1060 matris
491 993 595 1057 tutela
617 992 751 1074 cogitari
772 993 886 1073 possit.
923 993 1032 1073 Ipsam
1053 1012 1131 1057 vero
1153 996 1294 1057 matrem
1314 994 1384 1057 viro
1406 998 1544 1059 mortuo

245 1101 277 1160 et
306 1097 418 1161 adulto
448 1095 516 1160 filio
545 1114 709 1177 regnasse,
739 1095 894 1175 quoniam
915 1096 994 1176 ipsis
1017 1096 1124 1160 verbis
1147 1096 1188 1159 de
1209 1095 1312 1160 tutela
1334 1095 1414 1160 nihil
1436 1097 1543 1179 signi-

243 1199 345 1263 ficans
367 1199 553 1263 Herodotus
576 1199 662 1274 dicit,
686 1217 751 1279 quo
774 1201 858 1262 teste
880 1198 913 1261 in
935 1199 997 1262 bac
1019 1218 1054 1262 re
1076 1217 1174 1263 nemo
1194 1198 1309 1263 melior
1327 1218 1399 1263 esse
1416 1205 1544 1282 potest,

244 1301 381 1365 dubium
407 1320 474 1365 non
501 1304 560 1378 est,
588 1302 667 1382 quin
688 1299 863 1364 Artemisia
885 1300 1089 1364 dominatum
1111 1300 1262 1364 habuerit
1283 1320 1351 1365 non
1374 1322 1413 1366 ex
1434 1303 1545 1368 tutela

242 1404 309 1481 filii,
330 1404 388 1468 sed
404 1404 539 1485 exlege.
574 1404 710 1468 Femina
722 1403 808 1467 enim
824 1402 912 1484 quod
929 1421 1066 1483 regnum
1082 1402 1217 1484 aceepit,
1235 1402 1315 1467 nihil
1333 1404 1406 1468 miri
1425 1405 1542 1484 habet,

243 1507 306 1571 nisi
323 1507 408 1570 forte
427 1507 629 1571 consuetudo
648 1526 687 1570 ac
704 1507 792 1587 leges
812 1505 1016 1582 obstiterunt,
1038 1505 1155 1586 quibus
1174 1507 1262 1588 apud
1280 1506 1379 1571 Cares
1397 1508 1543 1573 feminas

244 1630 265 1674 a
287 1629 386 1690 regno
409 1628 477 1673 non
499 1610 645 1674 exclusas
669 1629 741 1673 esse
764 1609 892 1672 scimus.

327 1711 505 1776 Pisindelis.
520 1715 630 1776 utrum
648 1711 762 1776 Xerxis
784 1710 981 1792 expeditioni
999 1710 1179 1776 interfuerit
1197 1732 1241 1776 an
1261 1713 1350 1776 domi
1369 1714 1541 1791 manserit,

244 1835 283 1879 ex
293 1815 453 1880 Herodoti
463 1815 570 1879 verbis
581 1815 787 1896 perspicuum
798 1833 865 1877 non
883 1817 941 1877 est.
979 1813 1026 1877 Ex
1044 1813 1191 1879 eiusdem
1209 1816 1250 1879 de
1263 1815 1379 1897 Pythio
1395 1817 1540 1882 narrati-

243 1917 360 1982 uncula
371 1917 394 2002 ¹)
418 1918 445 1981 si
468 1918 545 2000 quid
568 1918 609 1982 de
628 1918 690 1982 hac
707 1937 742 1982 re
760 1916 909 1997 colligere
925 1916 1009 1993 licet,
1033 1917 1122 1981 domi
1138 1914 1297 1983 mansisse
1314 1939 1381 1982 non
1397 1920 1539 1985 videtur.

243 2021 356 2101 Neque
376 2021 462 2085 enim
481 2020 626 2102 corporis
643 2019 831 2083 infirmitate
847 2019 889 2082 ab
907 2018 1113 2100 expeditione
1128 2020 1312 2100 prohibitus
1328 2041 1400 2086 esse
1415 2027 1540 2104 polest,

244 2123 399 2204 quoniam
429 2123 598 2188 Herodoto
629 2126 712 2187 teste
742 2121 879 2186 idoneus
908 2121 977 2197 fuit,
1010 2122 1065 2202 qui
1091 2123 1205 2187 matris
1232 2124 1304 2188 loco
1328 2124 1422 2189 classi
1443 2125 1540 2190 Hali-

244 2245 436 2289 camasseae
457 2229 634 2307 praeesset.

329 2327 492 2404 Quoniam
517 2328 614 2409 igitur
640 2327 812 2409 Lygdamis
841 2327 1061 2408 compluribus
1083 2327 1176 2391 amris
1199 2332 1276 2392 ante
1298 2328 1413 2394 Xerxis
1435 2351 1538 2412 expe-

243 2429 401 2494 ditionem
429 2434 526 2495 natus
558 2450 629 2494 esse
658 2434 776 2512 potest,
807 2430 887 2495 nihil
918 2434 976 2507 est,
1008 2450 1064 2495 cur
1093 2429 1298 2494 Pisindelidis
1328 2431 1430 2496 tilium
1460 2453 1538 2498 eum

242 2532 341 2596 luisse
363 2552 528 2613 negemus,

329 2634 391 2712 Qui
409 2654 487 2699 vero
502 2636 733 2717 grammaticus
752 2636 793 2699 de
812 2635 863 2699 his
881 2636 1025 2718 tyrannis
1042 2635 1298 2701 Halicarnasseis
1318 2657 1357 2702 ea
1376 2641 1537 2719 exposuit,

244 2758 328 2819 quae
355 2739 443 2819 apud
470 2736 605 2803 Suidam
629 2739 774 2821 legimus
797 2757 905 2802 rerum
928 2738 1251 2805 Halicamassearum
1273 2741 1477 2806 scientiorem
1500 2764 1538 2808 se

242 2842 378 2923 praebet
389 2861 489 2923 quam
500 2844 547 2918 ut,
567 2860 632 2923 quo
650 2845 799 2922 tempore
815 2841 986 2922 Lygdamis
1006 2843 1167 2924 expulsus
1191 2865 1255 2925 quo
1274 2844 1342 2908 fere
1361 2845 1538 2926 Panyassis

241 2948 376 3009 necatus
392 2945 443 3022 sit,
462 2945 604 3008 nescisse
623 2945 779 3008 videatur.
815 2943 939 3021 Quodsi
956 2947 1083 3009 veteres
1101 2945 1280 3027 Panyassin
1296 2950 1372 3012 ante
1388 2948 1429 3011 ol.
1446 2949 1499 3013 81.
1516 2951 1537 3014 3

242 3051 394 3112 necatum
424 3067 494 3111 esse
527 3051 731 3128 compertum
760 3048 955 3125 habuerunt,
987 3048 1075 3130 apud
1105 3068 1162 3112 eos
1188 3048 1288 3112 fuisse
1317 3054 1457 3131 oportet,
1481 3054 1539 3133 qui

241 3150 356 3214 Xerxis
383 3151 482 3215 aetati
508 3150 649 3232 bellique
671 3151 791 3216 Persici
815 3152 956 3216 eundem
981 3151 1160 3232 Panyassin
1188 3151 1410 3231 attribuerent,
1438 3174 1536 3236 quern

242 3252 285 3316 ab
308 3253 378 3317 aliis
401 3253 502 3317 aetati
522 3253 599 3318 belli
620 3253 887 3335 Peleponnesiaci
910 3255 1100 3319 attributum
1124 3273 1195 3317 esse
1223 3253 1372 3319 vidimus.
1423 3256 1537 3338 ltaque

243 3356 398 3436 quoniam
419 3359 545 3419 veteres
574 3375 649 3419 eum
671 3357 832 3421 aetatibus
856 3357 1073 3420 attribuerunt
1099 3375 1212 3420 revera
1233 3357 1372 3421 multum
1394 3358 1477 3422 inter
1500 3381 1536 3424 se

242 3458 447 3535 distantibus,
478 3458 578 3522 verba
608 3461 684 3523 κατὰ
714 3460 748 3524 δέ
776 3485 854 3530 τινας
882 3461 986 3546 πολλῷ
1014 3460 1218 3546 πρεσβύτερος,
1251 3461 1398 3540 quamvis
1426 3461 1537 3544 inepte

243 3561 363 3625 Suidae
386 3561 457 3624 loco
480 3563 593 3625 nostro
616 3581 651 3624 se
674 3561 828 3639 habeant,
851 3565 963 3626 tamen
985 3561 1050 3626 tide
1073 3564 1148 3625 sunt
1168 3561 1265 3642 digna
1285 3566 1317 3626 et
1337 3562 1534 3645 accipienda.

326 3663 420 3727 Nunc
437 3662 616 3740 videamus
637 3664 726 3745 quod
744 3668 873 3746 tempus
889 3665 996 3728 verbis
1014 3666 1060 3727 ἐπὶ
1080 3665 1138 3728 τῶν
1155 3665 1309 3748 Περσικῶν
1328 3665 1534 3746 significetur,

243 3785 327 3847 quae
354 3766 397 3831 ad
425 3765 666 3846 expeditionem
691 3766 806 3832 Xerxis
834 3768 957 3850 primus
978 3766 1129 3830 Rohdius
1151 3768 1274 3831 rettulit
1295 3772 1383 3833 recte
1405 3769 1536 3834 Eusebii

240 3869 330 3932 Arm.
344 3872 375 3932 et
386 3869 573 3952 Hieronymi
593 3870 816 3934 testimoniiun
831 3871 1014 3951 neglegens
1033 3869 1088 3951 qui
1104 3889 1177 3933 oum
1195 3871 1374 3953 Panyassin
1390 3872 1432 3935 ol.
1445 3873 1497 3936 lx.
1513 3873 1536 3936 4

239 3972 336 4036 laude
373 3973 533 4054 insignem
571 3973 790 4055 ascripserint,
830 3974 892 4037 hoc
929 3973 1116 4036 testimonio
1155 3973 1288 4038 adducti
1324 3973 1467 4038 Naekius
1503 3980 1535 4040 et

240 4074 468 4140 Tzscbimerus
495 4076 536 4140 de
562 4081 710 4157 ternpore
732 4096 860 4158 pugnae
882 4074 1107 4140 Marathoniae
1134 4076 1341 4156 cogitandum
1364 4096 1434 4140 esse
1458 4096 1534 4142 cen-

240 4182 382 4241 suerunt.
428 4179 494 4243 Sed
521 4179 708 4258 opinionem
734 4198 828 4242 suam
855 4175 1040 4261 Rohdius²)
1069 4197 1136 4242 non
1163 4179 1313 4260 probavit
1336 4181 1535 4260 argumentis

327 4347 337 4388 1

322 4359 348 4502 il)
373 4349 438 4488 lHeor.
449 4349 689 4502 Jlssb38·gznto
708 4433 864 4486 adiumento
881 4434 910 4486 in
928 4433 1091 4487 dilllcillirnis
1108 4433 1151 4487 his
1174 4435 1254 4488 rebus
1278 4435 1443 4502 explicandis
1467 4437 1538 4492 mihi

238 4521 318 4574 fuerit
330 4521 414 4588 ipsius
431 4520 529 4574 Rohdii
544 4519 674 4588 quaestio,
694 4536 764 4588 quae
780 4521 813 4574 de
828 4523 914 4589 γέγονε
933 4519 1006 4573 verbi
1025 4520 1098 4588 apud
1113 4519 1224 4573 Suidam
1239 4537 1291 4574 usu
1309 4525 1356 4585 est,
1375 4521 1486 4575 reticere
1502 4539 1537 4577 eo

238 4607 328 4660 rninus
346 4606 433 4670 velim,
453 4605 526 4674 quod
544 4605 578 4659 de
594 4605 757 4674 quibusdam
772 4606 853 4660 rebus
869 4607 903 4658 ab
922 4621 954 4658 eo
973 4605 1109 4659 dissentio.
