<?xml version="1.0" encoding="UTF-8"?>
<!DOCTYPE html PUBLIC "-//W3C//DTD XHTML 1.0 Transitional//EN"
    "http://www.w3.org/TR/xhtml1/DTD/xhtml1-transitional.dtd">
<html xmlns="http://www.w3.org/1999/xhtml" xml:lang="en" lang="en">
 <head>
  <title>
</title>
<meta http-equiv="Content-Type" content="text/html;charset=utf-8" />
  <meta name='ocr-system' content='tesseract 3.04.00' />
  <meta name='ocr-capabilities' content='ocr_page ocr_carea ocr_par ocr_line ocrx_word'/>
</head>
<body>
  <div class='ocr_page' id='page_1' title='image "./depanyasside01kraugoog_0029.png"; bbox 0 0 3330 5214; ppageno 0'>
   <div class='ocr_carea' id='block_1_1' title="bbox 794 407 1006 470">
    <p class='ocr_par' dir='ltr' id='par_1_1' title="bbox 794 407 1006 470">
     <span class='ocr_line' id='line_1_1' title="bbox 794 407 1006 470; baseline -0.009 -16"><span class='ocrx_word' id='word_1_1' title='bbox 794 407 1006 470; x_wconf 66' lang='lat' dir='ltr'>„yg-</span> 
     </span>
    </p>
   </div>
   <div class='ocr_carea' id='block_1_2' title="bbox 254 574 1550 1481">
    <p class='ocr_par' dir='ltr' id='par_1_2' title="bbox 254 574 1550 1481">
     <span class='ocr_line' id='line_1_2' title="bbox 340 574 1550 657; baseline -0.005 -13"><span class='ocrx_word' id='word_1_2' title='bbox 340 579 431 644; x_wconf 91' lang='lat' dir='ltr'>Haec</span> <span class='ocrx_word' id='word_1_3' title='bbox 448 578 639 644; x_wconf 88' lang='lat' dir='ltr'>Kirchholfii</span> <span class='ocrx_word' id='word_1_4' title='bbox 662 581 711 643; x_wconf 89' lang='lat' dir='ltr'>est</span> <span class='ocrx_word' id='word_1_5' title='bbox 733 577 904 654; x_wconf 88' lang='lat' dir='ltr'>sententia,</span> <span class='ocrx_word' id='word_1_6' title='bbox 928 596 1013 657; x_wconf 90' lang='lat' dir='ltr'>quae</span> <span class='ocrx_word' id='word_1_7' title='bbox 1035 596 1096 641; x_wconf 92' lang='lat' dir='ltr'>nec</span> <span class='ocrx_word' id='word_1_8' title='bbox 1117 575 1280 642; x_wconf 88' lang='lat' dir='ltr'>reicienda</span> <span class='ocrx_word' id='word_1_9' title='bbox 1302 575 1398 639; x_wconf 90' lang='lat' dir='ltr'>nobis</span> <span class='ocrx_word' id='word_1_10' title='bbox 1420 574 1550 639; x_wconf 90' lang='lat' dir='ltr'>videtur</span> 
     </span>
     <span class='ocr_line' id='line_1_3' title="bbox 255 678 1547 764; baseline -0.003 -18"><span class='ocrx_word' id='word_1_11' title='bbox 255 702 327 746; x_wconf 88' lang='lat' dir='ltr'>esse</span> <span class='ocrx_word' id='word_1_12' title='bbox 355 701 416 746; x_wconf 87' lang='lat' dir='ltr'>nec</span> <span class='ocrx_word' id='word_1_13' title='bbox 454 682 596 747; x_wconf 86' lang='lat' dir='ltr'>refutata</span> <span class='ocrx_word' id='word_1_14' title='bbox 625 679 787 764; x_wconf 85' lang='lat' dir='ltr'>Busolti1)</span> <span class='ocrx_word' id='word_1_15' title='bbox 824 679 1021 760; x_wconf 80' lang='lat' dir='ltr'><strong>argumentis</strong></span> <span class='ocrx_word' id='word_1_16' title='bbox 1056 679 1204 744; x_wconf 88' lang='lat' dir='ltr'>arbitrati</span> <span class='ocrx_word' id='word_1_17' title='bbox 1239 678 1418 760; x_wconf 89' lang='lat' dir='ltr'>Lygdamin</span> <span class='ocrx_word' id='word_1_18' title='bbox 1458 697 1547 742; x_wconf 90' lang='lat' dir='ltr'>anno</span> 
     </span>
     <span class='ocr_line' id='line_1_4' title="bbox 256 780 1548 869; baseline -0.005 -20"><span class='ocrx_word' id='word_1_19' title='bbox 256 786 388 849; x_wconf 90' lang='lat' dir='ltr'>demum</span> <span class='ocrx_word' id='word_1_20' title='bbox 410 785 474 848; x_wconf 75' lang='lat'>449</span> <span class='ocrx_word' id='word_1_21' title='bbox 498 784 553 869; x_wconf 87' lang='lat'>(=</span> <span class='ocrx_word' id='word_1_22' title='bbox 576 784 618 848; x_wconf 89' lang='lat' dir='ltr'>ol.</span> <span class='ocrx_word' id='word_1_23' title='bbox 641 784 693 848; x_wconf 71' lang='grc'>89.</span> <span class='ocrx_word' id='word_1_24' title='bbox 716 782 750 865; x_wconf 78' lang='lat'>4)</span> <span class='ocrx_word' id='word_1_25' title='bbox 774 782 943 863; x_wconf 86' lang='lat' dir='ltr'>expulsum</span> <span class='ocrx_word' id='word_1_26' title='bbox 973 802 1055 847; x_wconf 91' lang='lat' dir='ltr'>esse.</span> <span class='ocrx_word' id='word_1_27' title='bbox 1106 782 1192 845; x_wconf 92' lang='lat' dir='ltr'>Nam</span> <span class='ocrx_word' id='word_1_28' title='bbox 1215 781 1377 846; x_wconf 90' lang='lat' dir='ltr'>civitatem</span> <span class='ocrx_word' id='word_1_29' title='bbox 1398 780 1548 844; x_wconf 88' lang='lat' dir='ltr'>Halicar-</span> 
     </span>
     <span class='ocr_line' id='line_1_5' title="bbox 254 883 1550 966; baseline -0.004 -15"><span class='ocrx_word' id='word_1_30' title='bbox 254 907 408 952; x_wconf 89' lang='lat' dir='ltr'>nasseam</span> <span class='ocrx_word' id='word_1_31' title='bbox 435 888 469 951; x_wconf 93' lang='lat' dir='ltr'>in</span> <span class='ocrx_word' id='word_1_32' title='bbox 495 887 596 952; x_wconf 91' lang='lat' dir='ltr'>titulis</span> <span class='ocrx_word' id='word_1_33' title='bbox 618 886 814 950; x_wconf 91' lang='lat' dir='ltr'>tributorum</span> <span class='ocrx_word' id='word_1_34' title='bbox 835 884 1042 966; x_wconf 89' lang='lat' dir='ltr'>Lygdamidis</span> <span class='ocrx_word' id='word_1_35' title='bbox 1071 885 1204 949; x_wconf 91' lang='lat' dir='ltr'>nomine</span> <span class='ocrx_word' id='word_1_36' title='bbox 1234 883 1357 948; x_wconf 89' lang='lat' dir='ltr'>omisso</span> <span class='ocrx_word' id='word_1_37' title='bbox 1386 883 1550 947; x_wconf 90' lang='lat' dir='ltr'>nominari</span> 
     </span>
     <span class='ocr_line' id='line_1_6' title="bbox 254 985 1549 1072; baseline -0.004 -18"><span class='ocrx_word' id='word_1_38' title='bbox 254 990 400 1072; x_wconf 90' lang='lat' dir='ltr'>potuisse</span> <span class='ocrx_word' id='word_1_39' title='bbox 438 991 537 1054; x_wconf 87' lang='lat' dir='ltr'>etiam</span> <span class='ocrx_word' id='word_1_40' title='bbox 573 992 671 1054; x_wconf 87' lang='lat' dir='ltr'>antea</span> <span class='ocrx_word' id='word_1_41' title='bbox 701 1007 800 1070; x_wconf 90' lang='lat' dir='ltr'>quam</span> <span class='ocrx_word' id='word_1_42' title='bbox 829 987 1000 1069; x_wconf 87' lang='lat' dir='ltr'>Lygdamis</span> <span class='ocrx_word' id='word_1_43' title='bbox 1031 988 1184 1069; x_wconf 85' lang='lat' dir='ltr'>expulsus</span> <span class='ocrx_word' id='word_1_44' title='bbox 1214 989 1311 1063; x_wconf 91' lang='lat' dir='ltr'>esset,</span> <span class='ocrx_word' id='word_1_45' title='bbox 1341 985 1462 1068; x_wconf 85' lang='lat' dir='ltr'>quippe</span> <span class='ocrx_word' id='word_1_46' title='bbox 1492 986 1549 1067; x_wconf 92' lang='lat' dir='ltr'>qui</span> 
     </span>
     <span class='ocr_line' id='line_1_7' title="bbox 254 1088 1548 1171; baseline -0.003 -15"><span class='ocrx_word' id='word_1_47' title='bbox 254 1092 348 1156; x_wconf 92' lang='lat' dir='ltr'>titulo</span> <span class='ocrx_word' id='word_1_48' title='bbox 363 1088 651 1170; x_wconf 62' lang='lat' dir='ltr'>Halicarnasseoh</span> <span class='ocrx_word' id='word_1_49' title='bbox 669 1109 704 1155; x_wconf 94' lang='lat' dir='ltr'>se</span> <span class='ocrx_word' id='word_1_50' title='bbox 725 1090 881 1154; x_wconf 91' lang='lat' dir='ltr'>indicaret</span> <span class='ocrx_word' id='word_1_51' title='bbox 896 1110 964 1155; x_wconf 91' lang='lat' dir='ltr'>non</span> <span class='ocrx_word' id='word_1_52' title='bbox 980 1089 1116 1155; x_wconf 86' lang='lat' dir='ltr'>civitatis</span> <span class='ocrx_word' id='word_1_53' title='bbox 1132 1094 1306 1171; x_wconf 86' lang='lat' dir='ltr'>tyrannum</span> <span class='ocrx_word' id='word_1_54' title='bbox 1317 1107 1356 1152; x_wconf 90' lang='lat' dir='ltr'>ac</span> <span class='ocrx_word' id='word_1_55' title='bbox 1368 1089 1548 1166; x_wconf 88' lang='lat' dir='ltr'>dominum,</span> 
     </span>
     <span class='ocr_line' id='line_1_8' title="bbox 256 1191 1550 1277; baseline -0.002 -19"><span class='ocrx_word' id='word_1_56' title='bbox 256 1195 314 1258; x_wconf 91' lang='lat' dir='ltr'>sed</span> <span class='ocrx_word' id='word_1_57' title='bbox 336 1195 509 1277; x_wconf 88' lang='lat' dir='ltr'>dynastam</span> <span class='ocrx_word' id='word_1_58' title='bbox 530 1197 694 1275; x_wconf 81' lang='lat' dir='ltr'>potestate</span> <span class='ocrx_word' id='word_1_59' title='bbox 717 1193 967 1275; x_wconf 88' lang='lat' dir='ltr'>circumscripta.</span> <span class='ocrx_word' id='word_1_60' title='bbox 1011 1193 1131 1275; x_wconf 82' lang='lat' dir='ltr'>Legem</span> <span class='ocrx_word' id='word_1_61' title='bbox 1154 1194 1241 1258; x_wconf 89' lang='lat' dir='ltr'>enim</span> <span class='ocrx_word' id='word_1_62' title='bbox 1262 1191 1296 1256; x_wconf 92' lang='lat' dir='ltr'>in</span> <span class='ocrx_word' id='word_1_63' title='bbox 1319 1191 1373 1256; x_wconf 91' lang='lat' dir='ltr'>illo</span> <span class='ocrx_word' id='word_1_64' title='bbox 1395 1191 1488 1255; x_wconf 93' lang='lat' dir='ltr'>titulo</span> <span class='ocrx_word' id='word_1_65' title='bbox 1513 1211 1550 1255; x_wconf 89' lang='lat' dir='ltr'>se</span> 
     </span>
     <span class='ocr_line' id='line_1_9' title="bbox 254 1294 1548 1378; baseline -0.004 -16"><span class='ocrx_word' id='word_1_66' title='bbox 254 1299 413 1378; x_wconf 89' lang='lat' dir='ltr'>praebere</span> <span class='ocrx_word' id='word_1_67' title='bbox 440 1296 578 1360; x_wconf 86' lang='lat' dir='ltr'>civitatis</span> <span class='ocrx_word' id='word_1_68' title='bbox 605 1295 772 1360; x_wconf 90' lang='lat' dir='ltr'>dominam</span> <span class='ocrx_word' id='word_1_69' title='bbox 800 1298 833 1358; x_wconf 90' lang='lat' dir='ltr'>et</span> <span class='ocrx_word' id='word_1_70' title='bbox 855 1295 1063 1376; x_wconf 82' lang='lat' dir='ltr'>magistratus</span> <span class='ocrx_word' id='word_1_71' title='bbox 1086 1315 1265 1378; x_wconf 89' lang='lat' dir='ltr'>eponymos</span> <span class='ocrx_word' id='word_1_72' title='bbox 1288 1294 1548 1359; x_wconf 88' lang='lat' dir='ltr'>commemorari.</span> 
     </span>
     <span class='ocr_line' id='line_1_10' title="bbox 254 1397 1462 1481; baseline -0.002 -16"><span class='ocrx_word' id='word_1_73' title='bbox 254 1401 303 1465; x_wconf 86' lang='lat' dir='ltr'>Ae</span> <span class='ocrx_word' id='word_1_74' title='bbox 324 1400 433 1481; x_wconf 86' lang='lat' dir='ltr'>priore</span> <span class='ocrx_word' id='word_1_75' title='bbox 455 1399 527 1463; x_wconf 91' lang='lat' dir='ltr'>loco</span> <span class='ocrx_word' id='word_1_76' title='bbox 550 1418 617 1463; x_wconf 92' lang='lat' dir='ltr'>non</span> <span class='ocrx_word' id='word_1_77' title='bbox 639 1397 817 1480; x_wconf 87' lang='lat' dir='ltr'>Lygdamin</span> <span class='ocrx_word' id='word_1_78' title='bbox 838 1397 1011 1474; x_wconf 90' lang='lat' dir='ltr'>nominari,</span> <span class='ocrx_word' id='word_1_79' title='bbox 1035 1399 1094 1463; x_wconf 88' lang='lat' dir='ltr'>sed</span> <span class='ocrx_word' id='word_1_80' title='bbox 1116 1399 1306 1464; x_wconf 84' lang='lat' dir='ltr'>concionem</span> <span class='ocrx_word' id='word_1_81' title='bbox 1336 1397 1462 1462; x_wconf 87' lang='lat' dir='ltr'>civium.</span> 
     </span>
    </p>
   </div>
   <div class='ocr_carea' id='block_1_3' title="bbox 256 1517 1551 1807">
    <p class='ocr_par' dir='ltr' id='par_1_3' title="bbox 256 1517 1551 1807">
     <span class='ocr_line' id='line_1_11' title="bbox 342 1517 1551 1601; baseline -0.002 -17"><span class='ocrx_word' id='word_1_82' title='bbox 342 1519 408 1584; x_wconf 88' lang='lat' dir='ltr'>Sed</span> <span class='ocrx_word' id='word_1_83' title='bbox 437 1519 533 1582; x_wconf 89' lang='lat' dir='ltr'>nimis</span> <span class='ocrx_word' id='word_1_84' title='bbox 562 1518 682 1582; x_wconf 87' lang='lat' dir='ltr'>multas</span> <span class='ocrx_word' id='word_1_85' title='bbox 713 1537 751 1582; x_wconf 87' lang='lat' dir='ltr'>ac</span> <span class='ocrx_word' id='word_1_86' title='bbox 780 1537 917 1598; x_wconf 88' lang='lat' dir='ltr'>magnas</span> <span class='ocrx_word' id='word_1_87' title='bbox 947 1517 1166 1582; x_wconf 88' lang='lat' dir='ltr'>dubitationes</span> <span class='ocrx_word' id='word_1_88' title='bbox 1196 1518 1278 1583; x_wconf 86' lang='lat' dir='ltr'>haec</span> <span class='ocrx_word' id='word_1_89' title='bbox 1307 1517 1417 1601; x_wconf 92' lang='lat' dir='ltr'>opinio</span> <span class='ocrx_word' id='word_1_90' title='bbox 1447 1517 1551 1582; x_wconf 89' lang='lat' dir='ltr'>hahet</span> 
     </span>
     <span class='ocr_line' id='line_1_12' title="bbox 256 1619 1549 1704; baseline -0.002 -18"><span class='ocrx_word' id='word_1_91' title='bbox 256 1642 355 1704; x_wconf 91' lang='lat' dir='ltr'>quam</span> <span class='ocrx_word' id='word_1_92' title='bbox 387 1625 424 1686; x_wconf 91' lang='lat' dir='ltr'>ut</span> <span class='ocrx_word' id='word_1_93' title='bbox 456 1620 589 1702; x_wconf 91' lang='lat' dir='ltr'>probari</span> <span class='ocrx_word' id='word_1_94' title='bbox 622 1620 735 1701; x_wconf 90' lang='lat' dir='ltr'>possit.</span> <span class='ocrx_word' id='word_1_95' title='bbox 787 1619 975 1700; x_wconf 85' lang='lat' dir='ltr'>Tyrannum</span> <span class='ocrx_word' id='word_1_96' title='bbox 1009 1620 1096 1684; x_wconf 90' lang='lat' dir='ltr'>enim</span> <span class='ocrx_word' id='word_1_97' title='bbox 1128 1621 1347 1686; x_wconf 83' lang='lat' dir='ltr'>Halicamassi</span> <span class='ocrx_word' id='word_1_98' title='bbox 1369 1621 1549 1703; x_wconf 89' lang='lat' dir='ltr'>Lygdamin</span> 
     </span>
     <span class='ocr_line' id='line_1_13' title="bbox 256 1720 1551 1807; baseline -0.001 -19"><span class='ocrx_word' id='word_1_99' title='bbox 256 1725 355 1789; x_wconf 85' lang='lat' dir='ltr'>luisse</span> <span class='ocrx_word' id='word_1_100' title='bbox 389 1723 506 1788; x_wconf 89' lang='lat' dir='ltr'>Suidas</span> <span class='ocrx_word' id='word_1_101' title='bbox 539 1727 589 1787; x_wconf 90' lang='lat' dir='ltr'>ter</span> <span class='ocrx_word' id='word_1_102' title='bbox 598 1720 626 1807; x_wconf 85' lang='grc'>3)</span> <span class='ocrx_word' id='word_1_103' title='bbox 661 1722 746 1786; x_wconf 90' lang='lat' dir='ltr'>dicit.</span> <span class='ocrx_word' id='word_1_104' title='bbox 802 1721 900 1786; x_wconf 86' lang='lat' dir='ltr'>Cuius</span> <span class='ocrx_word' id='word_1_105' title='bbox 933 1722 1169 1800; x_wconf 89' lang='lat' dir='ltr'>testimonium,</span> <span class='ocrx_word' id='word_1_106' title='bbox 1203 1725 1292 1805; x_wconf 92' lang='lat' dir='ltr'>quod</span> <span class='ocrx_word' id='word_1_107' title='bbox 1325 1724 1414 1788; x_wconf 91' lang='lat' dir='ltr'>nullo</span> <span class='ocrx_word' id='word_1_108' title='bbox 1449 1724 1551 1787; x_wconf 91' lang='lat' dir='ltr'>modo</span> 
     </span>
    </p>
   </div>
   <div class='ocr_carea' id='block_1_4' title="bbox 256 1825 1650 1909">
    <p class='ocr_par' dir='ltr' id='par_1_4' title="bbox 256 1825 1650 1909">
     <span class='ocr_line' id='line_1_14' title="bbox 256 1825 1650 1909; baseline 0 -18"><span class='ocrx_word' id='word_1_109' title='bbox 256 1830 442 1909; x_wconf 90' lang='lat' dir='ltr'>suspectum</span> <span class='ocrx_word' id='word_1_110' title='bbox 474 1829 507 1890; x_wconf 91' lang='lat' dir='ltr'>et</span> <span class='ocrx_word' id='word_1_111' title='bbox 535 1826 569 1890; x_wconf 91' lang='lat' dir='ltr'>in</span> <span class='ocrx_word' id='word_1_112' title='bbox 599 1829 731 1890; x_wconf 88' lang='lat' dir='ltr'>auctore</span> <span class='ocrx_word' id='word_1_113' title='bbox 762 1825 885 1906; x_wconf 92' lang='lat' dir='ltr'>optimo</span> <span class='ocrx_word' id='word_1_114' title='bbox 912 1825 1055 1905; x_wconf 92' lang='lat' dir='ltr'>positum</span> <span class='ocrx_word' id='word_1_115' title='bbox 1077 1825 1162 1890; x_wconf 83' lang='lat' dir='ltr'>intra</span> <span class='ocrx_word' id='word_1_116' title='bbox 1192 1827 1384 1904; x_wconf 88' lang='lat' dir='ltr'>videbimus,</span> <span class='ocrx_word' id='word_1_117' title='bbox 1415 1830 1551 1908; x_wconf 89' lang='lat' dir='ltr'>propter</span> <span class='ocrx_word' id='word_1_118' title='bbox 1649 1835 1650 1848; x_wconf 62' lang='lat'>³</span> 
     </span>
    </p>
   </div>
   <div class='ocr_carea' id='block_1_5' title="bbox 255 1926 1555 3348">
    <p class='ocr_par' dir='ltr' id='par_1_5' title="bbox 255 1926 1555 3348">
     <span class='ocr_line' id='line_1_15' title="bbox 256 1926 1550 2011; baseline -0.001 -17"><span class='ocrx_word' id='word_1_119' title='bbox 256 1930 538 1994; x_wconf 84' lang='lat' dir='ltr'>ratiocinationem</span> <span class='ocrx_word' id='word_1_120' title='bbox 563 1929 720 1993; x_wconf 79' lang='lat' dir='ltr'>incertam</span> <span class='ocrx_word' id='word_1_121' title='bbox 742 1926 868 2008; x_wconf 83' lang='lat' dir='ltr'>neglegi</span> <span class='ocrx_word' id='word_1_122' title='bbox 889 1945 957 1991; x_wconf 90' lang='lat' dir='ltr'>non</span> <span class='ocrx_word' id='word_1_123' title='bbox 979 1927 1087 1993; x_wconf 89' lang='lat' dir='ltr'>debet.</span> <span class='ocrx_word' id='word_1_124' title='bbox 1132 1929 1309 2011; x_wconf 88' lang='lat' dir='ltr'>Lygdamin</span> <span class='ocrx_word' id='word_1_125' title='bbox 1332 1930 1419 1993; x_wconf 86' lang='lat' dir='ltr'>eninr</span> <span class='ocrx_word' id='word_1_126' title='bbox 1441 1929 1550 1993; x_wconf 90' lang='lat' dir='ltr'>domi-</span> 
     </span>
     <span class='ocr_line' id='line_1_16' title="bbox 256 2029 1550 2111; baseline -0.001 -15"><span class='ocrx_word' id='word_1_127' title='bbox 256 2037 370 2098; x_wconf 91' lang='lat' dir='ltr'>natum</span> <span class='ocrx_word' id='word_1_128' title='bbox 399 2052 467 2096; x_wconf 88' lang='lat' dir='ltr'>non</span> <span class='ocrx_word' id='word_1_129' title='bbox 495 2033 650 2097; x_wconf 88' lang='lat' dir='ltr'>habuisse</span> <span class='ocrx_word' id='word_1_130' title='bbox 674 2051 713 2095; x_wconf 86' lang='lat' dir='ltr'>ex</span> <span class='ocrx_word' id='word_1_131' title='bbox 742 2050 798 2106; x_wconf 91' lang='lat' dir='ltr'>e0,</span> <span class='ocrx_word' id='word_1_132' title='bbox 829 2029 918 2110; x_wconf 92' lang='lat' dir='ltr'>quod</span> <span class='ocrx_word' id='word_1_133' title='bbox 947 2030 981 2093; x_wconf 92' lang='lat' dir='ltr'>in</span> <span class='ocrx_word' id='word_1_134' title='bbox 1010 2029 1081 2111; x_wconf 88' lang='lat' dir='ltr'>lege</span> <span class='ocrx_word' id='word_1_135' title='bbox 1109 2031 1164 2095; x_wconf 92' lang='lat' dir='ltr'>illo</span> <span class='ocrx_word' id='word_1_136' title='bbox 1193 2032 1287 2096; x_wconf 89' lang='lat' dir='ltr'>titulo</span> <span class='ocrx_word' id='word_1_137' title='bbox 1319 2033 1441 2097; x_wconf 90' lang='lat' dir='ltr'>tradita</span> <span class='ocrx_word' id='word_1_138' title='bbox 1472 2033 1550 2096; x_wconf 87' lang='lat' dir='ltr'>civi-</span> 
     </span>
     <span class='ocr_line' id='line_1_17' title="bbox 256 2133 1552 2216; baseline 0 -17"><span class='ocrx_word' id='word_1_139' title='bbox 256 2137 318 2199; x_wconf 90' lang='lat' dir='ltr'>bus</span> <span class='ocrx_word' id='word_1_140' title='bbox 348 2136 550 2216; x_wconf 89' lang='lat' dir='ltr'>postpositus</span> <span class='ocrx_word' id='word_1_141' title='bbox 577 2135 763 2198; x_wconf 87' lang='lat' dir='ltr'>nominatur</span> <span class='ocrx_word' id='word_1_142' title='bbox 798 2135 830 2196; x_wconf 94' lang='lat' dir='ltr'>et</span> <span class='ocrx_word' id='word_1_143' title='bbox 862 2153 929 2197; x_wconf 90' lang='lat' dir='ltr'>una</span> <span class='ocrx_word' id='word_1_144' title='bbox 958 2151 1031 2198; x_wconf 85' lang='lat' dir='ltr'>oum</span> <span class='ocrx_word' id='word_1_145' title='bbox 1061 2133 1112 2198; x_wconf 90' lang='lat' dir='ltr'>his</span> <span class='ocrx_word' id='word_1_146' title='bbox 1141 2135 1247 2216; x_wconf 88' lang='lat' dir='ltr'>legem</span> <span class='ocrx_word' id='word_1_147' title='bbox 1276 2136 1480 2200; x_wconf 89' lang='lat' dir='ltr'>constituisse</span> <span class='ocrx_word' id='word_1_148' title='bbox 1513 2155 1552 2199; x_wconf 91' lang='lat' dir='ltr'>ac</span> 
     </span>
     <span class='ocr_line' id='line_1_18' title="bbox 256 2233 1552 2318; baseline 0.001 -17"><span class='ocrx_word' id='word_1_149' title='bbox 256 2237 462 2302; x_wconf 89' lang='lat' dir='ltr'>iureiurando</span> <span class='ocrx_word' id='word_1_150' title='bbox 499 2239 577 2302; x_wconf 91' lang='lat' dir='ltr'>dato</span> <span class='ocrx_word' id='word_1_151' title='bbox 608 2236 753 2302; x_wconf 89' lang='lat' dir='ltr'>sanxisse</span> <span class='ocrx_word' id='word_1_152' title='bbox 762 2233 790 2318; x_wconf 81' lang='lat'>⁴)</span> <span class='ocrx_word' id='word_1_153' title='bbox 821 2235 945 2312; x_wconf 90' lang='lat' dir='ltr'>dicitur,</span> <span class='ocrx_word' id='word_1_154' title='bbox 979 2255 1046 2300; x_wconf 92' lang='lat' dir='ltr'>non</span> <span class='ocrx_word' id='word_1_155' title='bbox 1079 2238 1262 2302; x_wconf 89' lang='lat' dir='ltr'>necessario</span> <span class='ocrx_word' id='word_1_156' title='bbox 1297 2237 1443 2302; x_wconf 87' lang='lat' dir='ltr'>efficitur.</span> <span class='ocrx_word' id='word_1_157' title='bbox 1501 2238 1552 2301; x_wconf 91' lang='lat' dir='ltr'>Ac</span> 
     </span>
     <span class='ocr_line' id='line_1_19' title="bbox 257 2337 1553 2423; baseline 0.002 -19"><span class='ocrx_word' id='word_1_158' title='bbox 257 2360 466 2423; x_wconf 88' lang='lat' dir='ltr'>nequaquam</span> <span class='ocrx_word' id='word_1_159' title='bbox 488 2361 541 2405; x_wconf 92' lang='lat' dir='ltr'>res</span> <span class='ocrx_word' id='word_1_160' title='bbox 572 2339 750 2422; x_wconf 85' lang='lat' dir='ltr'>expeditur,</span> <span class='ocrx_word' id='word_1_161' title='bbox 782 2337 809 2401; x_wconf 92' lang='lat' dir='ltr'>si</span> <span class='ocrx_word' id='word_1_162' title='bbox 831 2337 1012 2418; x_wconf 87' lang='lat' dir='ltr'>Lygdamis,</span> <span class='ocrx_word' id='word_1_163' title='bbox 1043 2340 1131 2421; x_wconf 93' lang='lat' dir='ltr'>quod</span> <span class='ocrx_word' id='word_1_164' title='bbox 1161 2339 1312 2405; x_wconf 87' lang='lat' dir='ltr'>dominus</span> <span class='ocrx_word' id='word_1_165' title='bbox 1334 2340 1413 2405; x_wconf 92' lang='lat' dir='ltr'>illud</span> <span class='ocrx_word' id='word_1_166' title='bbox 1434 2341 1553 2406; x_wconf 85' lang='lat' dir='ltr'>iecisse</span> 
     </span>
     <span class='ocr_line' id='line_1_20' title="bbox 256 2441 1552 2526; baseline -0.001 -19"><span class='ocrx_word' id='word_1_167' title='bbox 256 2463 323 2508; x_wconf 89' lang='lat' dir='ltr'>non</span> <span class='ocrx_word' id='word_1_168' title='bbox 355 2444 512 2524; x_wconf 88' lang='lat' dir='ltr'>potuerit,</span> <span class='ocrx_word' id='word_1_169' title='bbox 547 2443 580 2506; x_wconf 92' lang='lat' dir='ltr'>id</span> <span class='ocrx_word' id='word_1_170' title='bbox 610 2442 725 2507; x_wconf 87' lang='lat' dir='ltr'>fecisse</span> <span class='ocrx_word' id='word_1_171' title='bbox 760 2443 893 2522; x_wconf 88' lang='lat' dir='ltr'>putatur</span> <span class='ocrx_word' id='word_1_172' title='bbox 923 2441 1076 2522; x_wconf 90' lang='lat' dir='ltr'>dynastes</span> <span class='ocrx_word' id='word_1_173' title='bbox 1105 2445 1268 2525; x_wconf 86' lang='lat' dir='ltr'>potestate</span> <span class='ocrx_word' id='word_1_174' title='bbox 1292 2444 1552 2526; x_wconf 87' lang='lat' dir='ltr'>circumscripta.</span> 
     </span>
     <span class='ocr_line' id='line_1_21' title="bbox 256 2543 1553 2625; baseline 0.002 -16"><span class='ocrx_word' id='word_1_175' title='bbox 256 2547 305 2610; x_wconf 87' lang='lat' dir='ltr'>lta</span> <span class='ocrx_word' id='word_1_176' title='bbox 336 2546 422 2610; x_wconf 90' lang='lat' dir='ltr'>enim</span> <span class='ocrx_word' id='word_1_177' title='bbox 452 2549 579 2610; x_wconf 88' lang='lat' dir='ltr'>mutata</span> <span class='ocrx_word' id='word_1_178' title='bbox 608 2565 660 2609; x_wconf 88' lang='lat' dir='ltr'>res</span> <span class='ocrx_word' id='word_1_179' title='bbox 690 2543 792 2607; x_wconf 91' lang='lat' dir='ltr'>nihilo</span> <span class='ocrx_word' id='word_1_180' title='bbox 822 2543 929 2607; x_wconf 91' lang='lat' dir='ltr'>minus</span> <span class='ocrx_word' id='word_1_181' title='bbox 957 2563 1057 2625; x_wconf 89' lang='lat' dir='ltr'>quam</span> <span class='ocrx_word' id='word_1_182' title='bbox 1086 2550 1184 2611; x_wconf 91' lang='lat' dir='ltr'>antea</span> <span class='ocrx_word' id='word_1_183' title='bbox 1213 2546 1369 2611; x_wconf 88' lang='lat' dir='ltr'>mirabilis</span> <span class='ocrx_word' id='word_1_184' title='bbox 1400 2550 1459 2625; x_wconf 86' lang='lat' dir='ltr'>est,</span> <span class='ocrx_word' id='word_1_185' title='bbox 1491 2547 1553 2611; x_wconf 92' lang='lat' dir='ltr'>sed</span> 
     </span>
     <span class='ocr_line' id='line_1_22' title="bbox 258 2645 1553 2729; baseline 0.002 -17"><span class='ocrx_word' id='word_1_186' title='bbox 258 2649 356 2713; x_wconf 89' lang='lat' dir='ltr'>etiam</span> <span class='ocrx_word' id='word_1_187' title='bbox 379 2649 555 2713; x_wconf 88' lang='lat' dir='ltr'>mirabilior</span> <span class='ocrx_word' id='word_1_188' title='bbox 577 2652 609 2711; x_wconf 92' lang='lat' dir='ltr'>et</span> <span class='ocrx_word' id='word_1_189' title='bbox 632 2647 809 2712; x_wconf 89' lang='lat' dir='ltr'>obscurior.</span> <span class='ocrx_word' id='word_1_190' title='bbox 842 2645 890 2710; x_wconf 88' lang='lat' dir='ltr'>De</span> <span class='ocrx_word' id='word_1_191' title='bbox 913 2647 1051 2728; x_wconf 82' lang='lat' dir='ltr'>dynasta</span> <span class='ocrx_word' id='word_1_192' title='bbox 1073 2649 1204 2729; x_wconf 90' lang='lat' dir='ltr'>quidem</span> <span class='ocrx_word' id='word_1_193' title='bbox 1227 2651 1371 2714; x_wconf 85' lang='lat' dir='ltr'>maxima</span> <span class='ocrx_word' id='word_1_194' title='bbox 1390 2650 1553 2715; x_wconf 87' lang='lat' dir='ltr'>dubitatio</span> 
     </span>
     <span class='ocr_line' id='line_1_23' title="bbox 258 2749 1553 2831; baseline 0.002 -16"><span class='ocrx_word' id='word_1_195' title='bbox 258 2771 329 2815; x_wconf 90' lang='lat' dir='ltr'>esse</span> <span class='ocrx_word' id='word_1_196' title='bbox 352 2751 461 2829; x_wconf 92' lang='lat' dir='ltr'>debet,</span> <span class='ocrx_word' id='word_1_197' title='bbox 483 2751 538 2831; x_wconf 89' lang='lat' dir='ltr'>qui</span> <span class='ocrx_word' id='word_1_198' title='bbox 561 2770 616 2815; x_wconf 88' lang='lat' dir='ltr'>cur</span> <span class='ocrx_word' id='word_1_199' title='bbox 637 2750 727 2813; x_wconf 92' lang='lat' dir='ltr'>illam</span> <span class='ocrx_word' id='word_1_200' title='bbox 748 2749 854 2830; x_wconf 90' lang='lat' dir='ltr'>legem</span> <span class='ocrx_word' id='word_1_201' title='bbox 875 2767 942 2812; x_wconf 90' lang='lat' dir='ltr'>una</span> <span class='ocrx_word' id='word_1_202' title='bbox 964 2769 1038 2813; x_wconf 88' lang='lat' dir='ltr'>cum</span> <span class='ocrx_word' id='word_1_203' title='bbox 1055 2751 1176 2815; x_wconf 90' lang='lat' dir='ltr'>civibus</span> <span class='ocrx_word' id='word_1_204' title='bbox 1194 2752 1330 2830; x_wconf 86' lang='lat' dir='ltr'>dederit,</span> <span class='ocrx_word' id='word_1_205' title='bbox 1353 2773 1409 2817; x_wconf 91' lang='lat' dir='ltr'>cur</span> <span class='ocrx_word' id='word_1_206' title='bbox 1427 2753 1553 2817; x_wconf 89' lang='lat' dir='ltr'>civibus</span> 
     </span>
     <span class='ocr_line' id='line_1_24' title="bbox 255 2852 1553 2936; baseline 0.002 -19"><span class='ocrx_word' id='word_1_207' title='bbox 255 2853 442 2917; x_wconf 90' lang='lat' dir='ltr'>nominetur</span> <span class='ocrx_word' id='word_1_208' title='bbox 458 2852 670 2933; x_wconf 91' lang='lat' dir='ltr'>postpositus,</span> <span class='ocrx_word' id='word_1_209' title='bbox 694 2872 750 2916; x_wconf 86' lang='lat' dir='ltr'>cur</span> <span class='ocrx_word' id='word_1_210' title='bbox 766 2852 972 2916; x_wconf 90' lang='lat' dir='ltr'>iureiurando</span> <span class='ocrx_word' id='word_1_211' title='bbox 990 2873 1026 2916; x_wconf 91' lang='lat' dir='ltr'>se</span> <span class='ocrx_word' id='word_1_212' title='bbox 1042 2854 1235 2932; x_wconf 82' lang='lat' dir='ltr'>astrinxerit,</span> <span class='ocrx_word' id='word_1_213' title='bbox 1257 2875 1325 2919; x_wconf 91' lang='lat' dir='ltr'>non</span> <span class='ocrx_word' id='word_1_214' title='bbox 1344 2855 1553 2936; x_wconf 88' lang='lat' dir='ltr'>intellegitur,</span> 
     </span>
     <span class='ocr_line' id='line_1_25' title="bbox 258 2955 1554 3039; baseline 0.002 -20"><span class='ocrx_word' id='word_1_215' title='bbox 258 2956 286 3019; x_wconf 93' lang='lat' dir='ltr'>si</span> <span class='ocrx_word' id='word_1_216' title='bbox 307 2955 547 3019; x_wconf 87' lang='lat' dir='ltr'>Halicarnassei</span> <span class='ocrx_word' id='word_1_217' title='bbox 570 2955 726 3036; x_wconf 89' lang='lat' dir='ltr'>dynastae</span> <span class='ocrx_word' id='word_1_218' title='bbox 748 2955 903 3035; x_wconf 87' lang='lat' dir='ltr'>potestati</span> <span class='ocrx_word' id='word_1_219' title='bbox 925 2955 971 3019; x_wconf 93' lang='lat' dir='ltr'>ita</span> <span class='ocrx_word' id='word_1_220' title='bbox 993 2955 1129 3020; x_wconf 86' lang='lat' dir='ltr'>subiecti</span> <span class='ocrx_word' id='word_1_221' title='bbox 1152 2961 1255 3034; x_wconf 88' lang='lat' dir='ltr'>erant,</span> <span class='ocrx_word' id='word_1_222' title='bbox 1277 2962 1312 3022; x_wconf 91' lang='lat' dir='ltr'>ut</span> <span class='ocrx_word' id='word_1_223' title='bbox 1335 2958 1401 3022; x_wconf 91' lang='lat' dir='ltr'>suis</span> <span class='ocrx_word' id='word_1_224' title='bbox 1422 2958 1554 3039; x_wconf 88' lang='lat' dir='ltr'>legibus</span> 
     </span>
     <span class='ocr_line' id='line_1_26' title="bbox 258 3057 1555 3142; baseline 0.004 -22"><span class='ocrx_word' id='word_1_225' title='bbox 258 3058 389 3139; x_wconf 91' lang='lat' dir='ltr'>suisque</span> <span class='ocrx_word' id='word_1_226' title='bbox 405 3057 527 3121; x_wconf 90' lang='lat' dir='ltr'>iuribus</span> <span class='ocrx_word' id='word_1_227' title='bbox 545 3060 722 3121; x_wconf 89' lang='lat' dir='ltr'>uterentur.</span> <span class='ocrx_word' id='word_1_228' title='bbox 756 3057 946 3122; x_wconf 84' lang='lat' dir='ltr'>Kirchhoffii</span> <span class='ocrx_word' id='word_1_229' title='bbox 966 3059 1051 3122; x_wconf 91' lang='lat' dir='ltr'>enim</span> <span class='ocrx_word' id='word_1_230' title='bbox 1074 3058 1118 3141; x_wconf 83' lang='lat' dir='ltr'>(p.</span> <span class='ocrx_word' id='word_1_231' title='bbox 1133 3059 1161 3122; x_wconf 88' lang='lat'>7.</span> <span class='ocrx_word' id='word_1_232' title='bbox 1184 3060 1333 3139; x_wconf 89' lang='lat' dir='ltr'>10Ann.)</span> <span class='ocrx_word' id='word_1_233' title='bbox 1356 3061 1476 3141; x_wconf 90' lang='lat' dir='ltr'>opinio,</span> <span class='ocrx_word' id='word_1_234' title='bbox 1495 3062 1555 3142; x_wconf 92' lang='lat' dir='ltr'>qui</span> 
     </span>
     <span class='ocr_line' id='line_1_27' title="bbox 257 3159 1553 3244; baseline 0.005 -22"><span class='ocrx_word' id='word_1_235' title='bbox 257 3159 435 3241; x_wconf 92' lang='lat' dir='ltr'>Lygdamin</span> <span class='ocrx_word' id='word_1_236' title='bbox 451 3160 518 3223; x_wconf 89' lang='lat' dir='ltr'>iam</span> <span class='ocrx_word' id='word_1_237' title='bbox 530 3159 700 3240; x_wconf 85' lang='lat' dir='ltr'>expulsum</span> <span class='ocrx_word' id='word_1_238' title='bbox 715 3180 788 3225; x_wconf 84' lang='lat' dir='ltr'>cunr</span> <span class='ocrx_word' id='word_1_239' title='bbox 801 3161 933 3237; x_wconf 89' lang='lat' dir='ltr'>civibus,</span> <span class='ocrx_word' id='word_1_240' title='bbox 950 3164 987 3224; x_wconf 93' lang='lat' dir='ltr'>ut</span> <span class='ocrx_word' id='word_1_241' title='bbox 1004 3181 1137 3225; x_wconf 89' lang='lat' dir='ltr'>suorum</span> <span class='ocrx_word' id='word_1_242' title='bbox 1152 3182 1205 3225; x_wconf 91' lang='lat' dir='ltr'>res</span> <span class='ocrx_word' id='word_1_243' title='bbox 1216 3164 1305 3244; x_wconf 88' lang='lat' dir='ltr'>apud</span> <span class='ocrx_word' id='word_1_244' title='bbox 1322 3183 1379 3228; x_wconf 91' lang='lat' dir='ltr'>eos</span> <span class='ocrx_word' id='word_1_245' title='bbox 1395 3166 1553 3242; x_wconf 86' lang='lat' dir='ltr'>tueretur,</span> 
     </span>
     <span class='ocr_line' id='line_1_28' title="bbox 258 3261 1554 3348; baseline 0.004 -23"><span class='ocrx_word' id='word_1_246' title='bbox 258 3262 343 3326; x_wconf 88' lang='lat' dir='ltr'>hanc</span> <span class='ocrx_word' id='word_1_247' title='bbox 357 3262 463 3342; x_wconf 91' lang='lat' dir='ltr'>legem</span> <span class='ocrx_word' id='word_1_248' title='bbox 478 3261 683 3326; x_wconf 88' lang='lat' dir='ltr'>constituisse</span> <span class='ocrx_word' id='word_1_249' title='bbox 699 3263 882 3340; x_wconf 90' lang='lat' dir='ltr'>arbitratur,</span> <span class='ocrx_word' id='word_1_250' title='bbox 901 3284 1018 3344; x_wconf 85' lang='lat' dir='ltr'>parum</span> <span class='ocrx_word' id='word_1_251' title='bbox 1033 3265 1211 3344; x_wconf 89' lang='lat' dir='ltr'>probabilis</span> <span class='ocrx_word' id='word_1_252' title='bbox 1226 3269 1284 3342; x_wconf 90' lang='lat' dir='ltr'>est,</span> <span class='ocrx_word' id='word_1_253' title='bbox 1304 3267 1381 3347; x_wconf 89' lang='lat' dir='ltr'>quia</span> <span class='ocrx_word' id='word_1_254' title='bbox 1395 3269 1554 3348; x_wconf 90' lang='lat' dir='ltr'>tyrannus</span> 
     </span>
    </p>
   </div>
   <div class='ocr_carea' id='block_1_6' title="bbox 258 3363 1554 3752">
    <p class='ocr_par' dir='ltr' id='par_1_6' title="bbox 258 3363 1554 3752">
     <span class='ocr_line' id='line_1_29' title="bbox 259 3363 1552 3447; baseline 0.004 -19"><span class='ocrx_word' id='word_1_255' title='bbox 259 3364 411 3444; x_wconf 82' lang='lat' dir='ltr'>expulsus</span> <span class='ocrx_word' id='word_1_256' title='bbox 444 3363 532 3444; x_wconf 88' lang='lat' dir='ltr'>apud</span> <span class='ocrx_word' id='word_1_257' title='bbox 555 3363 654 3442; x_wconf 89' lang='lat' dir='ltr'>cives,</span> <span class='ocrx_word' id='word_1_258' title='bbox 682 3366 842 3447; x_wconf 90' lang='lat' dir='ltr'>aquibus</span> <span class='ocrx_word' id='word_1_259' title='bbox 864 3367 964 3430; x_wconf 89' lang='lat' dir='ltr'>modo</span> <span class='ocrx_word' id='word_1_260' title='bbox 988 3367 1109 3432; x_wconf 89' lang='lat' dir='ltr'>ciectus</span> <span class='ocrx_word' id='word_1_261' title='bbox 1130 3369 1185 3446; x_wconf 88' lang='lat' dir='ltr'>sit,</span> <span class='ocrx_word' id='word_1_262' title='bbox 1215 3368 1295 3432; x_wconf 91' lang='lat' dir='ltr'>nihil</span> <span class='ocrx_word' id='word_1_263' title='bbox 1322 3368 1432 3432; x_wconf 91' lang='lat' dir='ltr'>valere</span> <span class='ocrx_word' id='word_1_264' title='bbox 1455 3369 1552 3434; x_wconf 91' lang='lat' dir='ltr'>solet.</span> 
     </span>
     <span class='ocr_line' id='line_1_30' title="bbox 258 3467 1553 3552; baseline 0.005 -23"><span class='ocrx_word' id='word_1_265' title='bbox 258 3467 345 3530; x_wconf 90' lang='lat' dir='ltr'>Num</span> <span class='ocrx_word' id='word_1_266' title='bbox 364 3484 452 3543; x_wconf 85' lang='lat' dir='ltr'>vem,</span> <span class='ocrx_word' id='word_1_267' title='bbox 475 3485 540 3547; x_wconf 91' lang='lat' dir='ltr'>qua</span> <span class='ocrx_word' id='word_1_268' title='bbox 570 3467 603 3530; x_wconf 91' lang='lat' dir='ltr'>in</span> <span class='ocrx_word' id='word_1_269' title='bbox 632 3468 712 3532; x_wconf 90' lang='lat' dir='ltr'>urbe</span> <span class='ocrx_word' id='word_1_270' title='bbox 741 3473 894 3550; x_wconf 89' lang='lat' dir='ltr'>prytanes</span> <span class='ocrx_word' id='word_1_271' title='bbox 921 3470 1051 3534; x_wconf 90' lang='lat' dir='ltr'>fuerunt</span> <span class='ocrx_word' id='word_1_272' title='bbox 1079 3472 1243 3552; x_wconf 88' lang='lat' dir='ltr'>eponymi,</span> <span class='ocrx_word' id='word_1_273' title='bbox 1275 3471 1308 3534; x_wconf 91' lang='lat' dir='ltr'>in</span> <span class='ocrx_word' id='word_1_274' title='bbox 1337 3490 1377 3535; x_wconf 91' lang='lat' dir='ltr'>ea</span> <span class='ocrx_word' id='word_1_275' title='bbox 1398 3470 1553 3535; x_wconf 89' lang='lat' dir='ltr'>dominus</span> 
     </span>
     <span class='ocr_line' id='line_1_31' title="bbox 259 3569 1554 3655; baseline 0.005 -24"><span class='ocrx_word' id='word_1_276' title='bbox 259 3589 331 3632; x_wconf 87' lang='lat' dir='ltr'>esse</span> <span class='ocrx_word' id='word_1_277' title='bbox 361 3587 429 3632; x_wconf 90' lang='lat' dir='ltr'>non</span> <span class='ocrx_word' id='word_1_278' title='bbox 457 3569 609 3650; x_wconf 86' lang='lat' dir='ltr'>potuerit,</span> <span class='ocrx_word' id='word_1_279' title='bbox 639 3570 789 3635; x_wconf 89' lang='lat' dir='ltr'>dubitare</span> <span class='ocrx_word' id='word_1_280' title='bbox 818 3572 902 3637; x_wconf 87' lang='lat' dir='ltr'>licet.</span> <span class='ocrx_word' id='word_1_281' title='bbox 953 3573 1066 3655; x_wconf 88' lang='lat' dir='ltr'>Neque</span> <span class='ocrx_word' id='word_1_282' title='bbox 1095 3573 1267 3638; x_wconf 87' lang='lat' dir='ltr'>verisimile</span> <span class='ocrx_word' id='word_1_283' title='bbox 1298 3577 1348 3638; x_wconf 90' lang='lat' dir='ltr'>est</span> <span class='ocrx_word' id='word_1_284' title='bbox 1377 3574 1554 3655; x_wconf 88' lang='lat' dir='ltr'>dynastam</span> 
     </span>
     <span class='ocr_line' id='line_1_32' title="bbox 259 3671 1552 3752; baseline 0.002 -16"><span class='ocrx_word' id='word_1_285' title='bbox 259 3672 292 3736; x_wconf 93' lang='lat' dir='ltr'>in</span> <span class='ocrx_word' id='word_1_286' title='bbox 318 3671 444 3752; x_wconf 90' lang='lat' dir='ltr'>legibus</span> <span class='ocrx_word' id='word_1_287' title='bbox 472 3671 608 3736; x_wconf 87' lang='lat' dir='ltr'>civitatis</span> <span class='ocrx_word' id='word_1_288' title='bbox 629 3674 849 3751; x_wconf 86' lang='lat' dir='ltr'>nominatum,</span> <span class='ocrx_word' id='word_1_289' title='bbox 880 3676 913 3738; x_wconf 89' lang='lat' dir='ltr'>in</span> <span class='ocrx_word' id='word_1_290' title='bbox 941 3676 1041 3740; x_wconf 90' lang='lat' dir='ltr'>titulis</span> <span class='ocrx_word' id='word_1_291' title='bbox 1068 3675 1264 3740; x_wconf 89' lang='lat' dir='ltr'>tributorum</span> <span class='ocrx_word' id='word_1_292' title='bbox 1286 3676 1444 3741; x_wconf 88' lang='lat' dir='ltr'>omissum</span> <span class='ocrx_word' id='word_1_293' title='bbox 1467 3696 1552 3741; x_wconf 89' lang='lat' dir='ltr'>esse.</span> 
     </span>
    </p>
   </div>
   <div class='ocr_carea' id='block_1_7' title="bbox 345 3790 1554 3876">
    <p class='ocr_par' dir='ltr' id='par_1_7' title="bbox 345 3790 1554 3876">
     <span class='ocr_line' id='line_1_33' title="bbox 345 3790 1554 3876; baseline 0.007 -23"><span class='ocrx_word' id='word_1_294' title='bbox 345 3790 448 3854; x_wconf 88' lang='lat' dir='ltr'>Aliter</span> <span class='ocrx_word' id='word_1_295' title='bbox 477 3811 529 3855; x_wconf 88' lang='lat' dir='ltr'>res</span> <span class='ocrx_word' id='word_1_296' title='bbox 559 3812 594 3856; x_wconf 88' lang='lat' dir='ltr'>se</span> <span class='ocrx_word' id='word_1_297' title='bbox 622 3792 732 3871; x_wconf 87' lang='lat' dir='ltr'>habet,</span> <span class='ocrx_word' id='word_1_298' title='bbox 763 3795 790 3856; x_wconf 91' lang='lat' dir='ltr'>si</span> <span class='ocrx_word' id='word_1_299' title='bbox 817 3795 994 3876; x_wconf 88' lang='lat' dir='ltr'>Lygdamin</span> <span class='ocrx_word' id='word_1_300' title='bbox 1018 3815 1092 3859; x_wconf 88' lang='lat' dir='ltr'>cum</span> <span class='ocrx_word' id='word_1_301' title='bbox 1113 3797 1147 3859; x_wconf 93' lang='lat' dir='ltr'>in</span> <span class='ocrx_word' id='word_1_302' title='bbox 1169 3797 1223 3860; x_wconf 90' lang='lat' dir='ltr'>illo</span> <span class='ocrx_word' id='word_1_303' title='bbox 1246 3796 1339 3861; x_wconf 91' lang='lat' dir='ltr'>titulo</span> <span class='ocrx_word' id='word_1_304' title='bbox 1362 3796 1554 3861; x_wconf 89' lang='lat' dir='ltr'>nominatus</span> 
     </span>
    </p>
   </div>
   <div class='ocr_carea' id='block_1_8' title="bbox 260 3892 1556 4066">
    <p class='ocr_par' dir='ltr' id='par_1_8' title="bbox 260 3892 1556 4066">
     <span class='ocr_line' id='line_1_34' title="bbox 260 3892 1556 3978; baseline 0.005 -21"><span class='ocrx_word' id='word_1_305' title='bbox 260 3897 318 3969; x_wconf 88' lang='lat' dir='ltr'>est,</span> <span class='ocrx_word' id='word_1_306' title='bbox 341 3892 664 3959; x_wconf 89' lang='lat' dir='ltr'>Halicarnasseorum</span> <span class='ocrx_word' id='word_1_307' title='bbox 690 3899 722 3960; x_wconf 92' lang='lat' dir='ltr'>et</span> <span class='ocrx_word' id='word_1_308' title='bbox 745 3896 994 3961; x_wconf 88' lang='lat' dir='ltr'>Salmaoitarum</span> <span class='ocrx_word' id='word_1_309' title='bbox 1012 3901 1186 3978; x_wconf 90' lang='lat' dir='ltr'>tyrannum</span> <span class='ocrx_word' id='word_1_310' title='bbox 1204 3919 1242 3963; x_wconf 89' lang='lat' dir='ltr'>ac</span> <span class='ocrx_word' id='word_1_311' title='bbox 1260 3900 1430 3964; x_wconf 90' lang='lat' dir='ltr'>dominum</span> <span class='ocrx_word' id='word_1_312' title='bbox 1452 3899 1556 3964; x_wconf 87' lang='lat' dir='ltr'>fuisse</span> 
     </span>
     <span class='ocr_line' id='line_1_35' title="bbox 260 3979 1402 4066; baseline 0.005 -24"><span class='ocrx_word' id='word_1_313' title='bbox 260 3979 462 4043; x_wconf 88' lang='lat' dir='ltr'>arbitramur.</span> <span class='ocrx_word' id='word_1_314' title='bbox 504 3979 595 4057; x_wconf 86' lang='lat' dir='ltr'>Quae</span> <span class='ocrx_word' id='word_1_315' title='bbox 618 3982 727 4063; x_wconf 89' lang='lat' dir='ltr'>opinio</span> <span class='ocrx_word' id='word_1_316' title='bbox 751 4001 824 4046; x_wconf 90' lang='lat' dir='ltr'>oum</span> <span class='ocrx_word' id='word_1_317' title='bbox 846 3983 939 4047; x_wconf 90' lang='lat' dir='ltr'>titulo</span> <span class='ocrx_word' id='word_1_318' title='bbox 962 3988 1075 4048; x_wconf 87' lang='lat' dir='ltr'>nostro</span> <span class='ocrx_word' id='word_1_319' title='bbox 1099 3984 1221 4066; x_wconf 91' lang='lat' dir='ltr'>optime</span> <span class='ocrx_word' id='word_1_320' title='bbox 1244 3986 1402 4050; x_wconf 84' lang='lat' dir='ltr'>convenit.</span> 
     </span>
    </p>
   </div>
   <div class='ocr_carea' id='block_1_9' title="bbox 346 4236 1283 4397">
    <p class='ocr_par' dir='ltr' id='par_1_9' title="bbox 346 4236 1283 4397">
     <span class='ocr_line' id='line_1_36' title="bbox 348 4236 771 4306; baseline 0.002 -15"><span class='ocrx_word' id='word_1_321' title='bbox 348 4236 368 4302; x_wconf 88' lang='lat'>¹)</span> <span class='ocrx_word' id='word_1_322' title='bbox 397 4237 499 4291; x_wconf 85' lang='lat' dir='ltr'>Griech.</span> <span class='ocrx_word' id='word_1_323' title='bbox 519 4236 614 4291; x_wconf 85' lang='lat' dir='ltr'>Gesch.</span> <span class='ocrx_word' id='word_1_324' title='bbox 633 4239 666 4304; x_wconf 91' lang='lat'>11,</span> <span class='ocrx_word' id='word_1_325' title='bbox 685 4255 711 4306; x_wconf 90' lang='lat' dir='ltr'>p.</span> <span class='ocrx_word' id='word_1_326' title='bbox 729 4240 771 4293; x_wconf 87' lang='lat'>91.</span> 
     </span>
     <span class='ocr_line' id='line_1_37' title="bbox 346 4322 1283 4397; baseline 0.005 -20"><span class='ocrx_word' id='word_1_327' title='bbox 346 4322 369 4390; x_wconf 68' lang='grc'>2)</span> <span class='ocrx_word' id='word_1_328' title='bbox 396 4324 581 4392; x_wconf 86' lang='lat' dir='ltr'>Dittenberger</span> <span class='ocrx_word' id='word_1_329' title='bbox 599 4324 661 4392; x_wconf 90' lang='lat' dir='ltr'>Syll.</span> <span class='ocrx_word' id='word_1_330' title='bbox 680 4325 756 4378; x_wconf 81' lang='lat' dir='ltr'>Nnb</span> <span class='ocrx_word' id='word_1_331' title='bbox 774 4327 808 4379; x_wconf 84' lang='lat' dir='ltr'>el.</span> <span class='ocrx_word' id='word_1_332' title='bbox 826 4326 908 4393; x_wconf 82' lang='lat' dir='ltr'>Rtthl,</span> <span class='ocrx_word' id='word_1_333' title='bbox 927 4326 1022 4380; x_wconf 90' lang='lat' dir='ltr'>Philol.</span> <span class='ocrx_word' id='word_1_334' title='bbox 1043 4327 1117 4392; x_wconf 80' lang='grc'>1889,</span> <span class='ocrx_word' id='word_1_335' title='bbox 1136 4345 1161 4396; x_wconf 88' lang='lat' dir='ltr'>p.</span> <span class='ocrx_word' id='word_1_336' title='bbox 1179 4329 1283 4397; x_wconf 77' lang='lat' dir='ltr'>blsqq.</span> 
     </span>
    </p>
   </div>
   <div class='ocr_carea' id='block_1_10' title="bbox 259 4405 1556 4653">
    <p class='ocr_par' dir='ltr' id='par_1_10' title="bbox 259 4405 1556 4653">
     <span class='ocr_line' id='line_1_38' title="bbox 346 4405 1556 4483; baseline 0.006 -20"><span class='ocrx_word' id='word_1_337' title='bbox 346 4405 370 4477; x_wconf 81' lang='lat'>³)</span> <span class='ocrx_word' id='word_1_338' title='bbox 398 4426 418 4466; x_wconf 90' lang='lat' dir='ltr'>s.</span> <span class='ocrx_word' id='word_1_339' title='bbox 437 4425 462 4462; x_wconf 89' lang='lat' dir='ltr'>v.</span> <span class='ocrx_word' id='word_1_340' title='bbox 482 4407 610 4468; x_wconf 73' lang='grc' dir='ltr'>Πανύασις</span> <span class='ocrx_word' id='word_1_341' title='bbox 627 4415 654 4463; x_wconf 85' lang='lat' dir='ltr'>et</span> <span class='ocrx_word' id='word_1_342' title='bbox 671 4427 692 4464; x_wconf 88' lang='lat' dir='ltr'>s.</span> <span class='ocrx_word' id='word_1_343' title='bbox 712 4426 736 4463; x_wconf 89' lang='lat' dir='ltr'>r.</span> <span class='ocrx_word' id='word_1_344' title='bbox 751 4407 900 4480; x_wconf 77' lang='grc' dir='ltr'>Ἡρόδοτος.</span> <span class='ocrx_word' id='word_1_345' title='bbox 927 4411 1020 4481; x_wconf 89' lang='lat' dir='ltr'>Neque</span> <span class='ocrx_word' id='word_1_346' title='bbox 1037 4429 1101 4468; x_wconf 88' lang='lat' dir='ltr'>vero</span> <span class='ocrx_word' id='word_1_347' title='bbox 1123 4415 1254 4469; x_wconf 85' lang='lat' dir='ltr'>Herodoti</span> <span class='ocrx_word' id='word_1_348' title='bbox 1275 4414 1459 4470; x_wconf 89' lang='lat' dir='ltr'>testimonium</span> <span class='ocrx_word' id='word_1_349' title='bbox 1483 4416 1556 4483; x_wconf 88' lang='lat' dir='ltr'>(Vll,</span> 
     </span>
     <span class='ocr_line' id='line_1_39' title="bbox 259 4493 1287 4568; baseline 0.008 -22"><span class='ocrx_word' id='word_1_350' title='bbox 259 4493 303 4561; x_wconf 88' lang='grc'>99)</span> <span class='ocrx_word' id='word_1_351' title='bbox 321 4495 517 4563; x_wconf 85' lang='lat' dir='ltr'>neglegendum</span> <span class='ocrx_word' id='word_1_352' title='bbox 535 4500 582 4559; x_wconf 90' lang='lat' dir='ltr'>est,</span> <span class='ocrx_word' id='word_1_353' title='bbox 601 4494 648 4562; x_wconf 91' lang='lat' dir='ltr'>qui</span> <span class='ocrx_word' id='word_1_354' title='bbox 665 4494 836 4550; x_wconf 85' lang='lat' dir='ltr'>Artemisiam</span> <span class='ocrx_word' id='word_1_355' title='bbox 854 4499 901 4568; x_wconf 82' lang='grc' dir='ltr'>τὴν</span> <span class='ocrx_word' id='word_1_356' title='bbox 919 4499 1054 4567; x_wconf 78' lang='grc' dir='ltr'>τυραννίδα</span> <span class='ocrx_word' id='word_1_357' title='bbox 1072 4499 1200 4554; x_wconf 82' lang='lat' dir='ltr'>habuisse</span> <span class='ocrx_word' id='word_1_358' title='bbox 1217 4500 1287 4554; x_wconf 88' lang='lat' dir='ltr'>dicit.</span> 
     </span>
     <span class='ocr_line' id='line_1_40' title="bbox 344 4577 1035 4653; baseline 0.009 -22"><span class='ocrx_word' id='word_1_359' title='bbox 344 4578 367 4645; x_wconf 79' lang='lat'>⁴)</span> <span class='ocrx_word' id='word_1_360' title='bbox 394 4579 427 4632; x_wconf 83' lang='lat' dir='ltr'>cl.</span> <span class='ocrx_word' id='word_1_361' title='bbox 446 4579 515 4632; x_wconf 90' lang='lat' dir='ltr'>tituli</span> <span class='ocrx_word' id='word_1_362' title='bbox 533 4581 630 4634; x_wconf 83' lang='lat' dir='ltr'>rerba:</span> <span class='ocrx_word' id='word_1_363' title='bbox 656 4581 767 4653; x_wconf 71' lang='grc' dir='ltr'>κατάπερ</span> <span class='ocrx_word' id='word_1_364' title='bbox 787 4583 819 4634; x_wconf 81' lang='grc' dir='ltr'>τὰ</span> <span class='ocrx_word' id='word_1_365' title='bbox 838 4577 912 4652; x_wconf 74' lang='grc' dir='ltr'>ὅρκια</span> <span class='ocrx_word' id='word_1_366' title='bbox 931 4583 1035 4652; x_wconf 69' lang='grc' dir='ltr'><strong>ἔταμον.</strong></span> 
     </span>
    </p>
   </div>
   <div class='ocr_carea' id='block_1_11' title="bbox 0 0 1675 5204">
    <p class='ocr_par' dir='ltr' id='par_1_11' title="bbox 0 0 1675 5204">
     <span class='ocr_line' id='line_1_41' title="bbox 0 0 1675 5204; baseline 0 0"><span class='ocrx_word' id='word_1_367' title='bbox 0 0 1675 5204; x_wconf 95' lang='lat' dir='ltr'> </span> 
     </span>
    </p>
   </div>
  </div>
 </body>
</html>
