3330 5214
770 191 979 256 ..90-

228 387 288 450 par
316 366 499 447 exemplum
530 365 711 440 ostendere,
741 384 780 427 ex
807 383 873 444 quo
901 362 942 425 de
969 361 1031 426 hac
1059 362 1278 443 appellatione
1305 362 1384 444 quid
1411 363 1524 428 existi-

228 470 385 534 mandum
413 471 498 532 esset
526 468 812 531 demonstraretur.
858 465 964 542 Quam
993 463 1021 528 si
1049 465 1091 528 ad
1118 464 1260 546 patriam
1288 467 1399 530 referri
1425 467 1541 532 Duris,

229 573 361 640 omnino
388 570 501 647 noluit,
531 590 551 634 a
578 569 796 650 grammaticis
819 568 902 633 falso
930 568 1128 632 intellectam
1154 587 1235 645 esse,
1265 569 1359 650 quasi
1381 569 1424 633 ad
1446 590 1526 634 eam

229 678 399 757 spectaret,
416 693 514 738 nemo
532 673 591 737 erit
608 672 664 752 qui
683 672 744 735 sibi
760 672 966 753 persuadeat.
987 671 1099 751 Itaque
1119 690 1192 734 cum
1209 670 1304 735 Duris
1321 672 1362 735 de
1377 673 1524 753 peregri-

227 778 360 842 natione
382 776 542 857 cogitasse
564 778 716 856 nequeat,
741 773 842 838 Samii
865 773 1084 855 appellatione
1106 792 1173 838 non
1195 774 1289 839 aliter
1310 795 1388 839 usus
1412 779 1462 840 est
1484 795 1527 840 ac

227 880 418 961 plerumque
433 881 617 960 usiupatur.
641 877 727 942 Natu
744 877 839 958 igitur
846 877 1025 958 Panyassin
1031 875 1178 944 Samium
1187 876 1287 942 luisse
1299 878 1451 959 opinatus
1462 882 1524 942 est.

314 982 363 1046 Ac
391 982 433 1046 de
459 980 617 1045 Herodoti
646 980 753 1062 patria
782 979 815 1043 in
839 979 955 1044 eadem
977 980 1129 1061 opinione
1151 981 1221 1045 fuit.
1250 980 1351 1044 ·Nam
1373 981 1526 1046 Samium

228 1105 344 1148 vocare
367 1086 465 1165 atque
488 1084 628 1148 eundem
649 1083 935 1148 Halicarnasseum
954 1101 1025 1146 esse
1044 1083 1134 1160 scire,
1158 1103 1256 1164 quem
1274 1102 1389 1148 onmes
1404 1087 1525 1148 vocent

228 1187 399 1264 Thorium,
434 1206 507 1250 cum
542 1187 682 1267 ineptius
711 1185 790 1250 nihil
828 1205 899 1249 esse
933 1185 1052 1267 possit,
1088 1185 1183 1250 Duris
1212 1206 1279 1252 non
1309 1187 1429 1268 potuit,
1459 1187 1526 1250 nisi

229 1311 304 1357 eum
325 1293 508 1372 propterea,
532 1291 621 1371 quod
643 1289 762 1354 diutius
785 1288 877 1352 Sarni
899 1288 1050 1370 degisset,
1079 1289 1181 1353 Samii
1209 1309 1389 1371 cognomen
1411 1310 1524 1354 meru·

228 1395 292 1458 isse
321 1397 433 1474 aperte
464 1392 670 1458 declarasset.
721 1391 818 1469 Quod
848 1391 875 1454 si
905 1391 1027 1454 lactum
1058 1396 1153 1468 esset,
1181 1393 1312 1458 Duridis
1334 1393 1524 1456 Herodotus

229 1496 368 1573 Samius,
386 1515 426 1558 ex
445 1515 510 1576 quo
527 1496 569 1559 de
586 1496 730 1560 eiusdem
748 1494 946 1575 Panyasside
959 1493 1070 1558 Samio
1083 1495 1314 1560 documentum
1330 1499 1523 1572 sumeretur,

228 1599 364 1663 idoneus
387 1598 519 1662 omnino
542 1617 609 1661 non
631 1598 755 1662 luisset.
800 1596 885 1661 Nam
907 1597 1093 1678 simpliciter
1115 1598 1256 1678 aliquem
1279 1618 1378 1662 causa
1401 1599 1525 1662 omissa

229 1702 375 1766 Samium
407 1701 576 1764 nominare
610 1700 698 1764 aliud
732 1703 781 1764 est
816 1703 914 1780 atque
944 1703 1056 1780 aperte
1086 1700 1188 1764 Samii
1217 1701 1469 1781 appellationem
1502 1723 1525 1766 a

228 1804 391 1869 domicilio
421 1803 549 1868 ducere.
601 1803 722 1868 Contra
751 1822 803 1866 res
832 1802 901 1866 veri
930 1802 1084 1868 dissimile
1114 1803 1193 1867 nihil
1223 1803 1338 1880 habet,
1371 1805 1398 1868 si
1426 1805 1523 1870 Duris

228 1907 431 1971 Herodotum
458 1910 633 1987 propterea
659 1905 805 1970 Samium
833 1905 1017 1986 appellavit,
1047 1906 1136 1988 quod
1157 1907 1287 1970 Thuriis
1311 1927 1386 1971 eum
1407 1910 1523 1971 natum

230 2029 300 2074 esse
322 2028 389 2074 non
411 2028 509 2090 posse
531 2008 635 2072 sciens
654 2008 827 2088 inquisivit,
850 2027 1014 2089 quaenam
1035 2009 1103 2072 eius
1123 2009 1230 2095 patria
1252 2013 1348 2074 esset.
1382 2010 1522 2074 Scivisse

229 2113 316 2176 enim
342 2113 443 2175 Durin
470 2130 538 2174 non
566 2131 587 2175 a
614 2111 720 2192 patria
747 2110 951 2174 Herodotum
973 2111 1086 2175 Thurii
1107 2130 1287 2192 cognomen
1309 2113 1438 2178 trahere
1460 2132 1522 2194 pro

229 2217 317 2280 certo
340 2215 529 2280 habendum
552 2217 611 2277 est.

316 2318 479 2396 Quoniam
499 2316 595 2397 igitur
616 2317 711 2380 Duris
733 2335 840 2398 neque
863 2316 1068 2384 Herodotum
1090 2336 1196 2398 neque
1223 2317 1403 2399 Panyassin
1428 2318 1522 2383 Hali-

230 2421 372 2484 carnassi
398 2423 512 2494 natum
546 2420 719 2484 arbitratus
748 2424 807 2496 est,
843 2424 990 2501 apparet,
1021 2439 1119 2501 quam
1150 2421 1269 2486 dubiae
1299 2421 1383 2484 illius
1413 2425 1523 2486 aetate

229 2523 292 2587 hae
321 2543 373 2587 res
402 2523 529 2601 fuerint,
559 2524 600 2587 de
628 2525 745 2605 quibus
774 2524 953 2605 posteriore
983 2526 1091 2588 aetate
1120 2524 1210 2587 nulla
1238 2523 1396 2588 dissensio
1424 2527 1521 2590 esset.

229 2626 276 2688 Ex
303 2645 370 2706 quo
397 2625 611 2708 intellegimus
639 2627 716 2691 ante
743 2627 853 2704 Durin,
882 2627 910 2690 si
933 2627 1065 2690 omnino
1088 2627 1279 2707 inquisitum
1301 2630 1360 2703 est,
1383 2627 1523 2692 multum

231 2728 362 2809 quidem
391 2729 424 2791 in
453 2727 661 2810 Panyassidis
690 2729 791 2792 vitam
813 2730 1001 2810 inquisitum
1025 2749 1096 2794 esse
1118 2749 1185 2792 non
1207 2749 1313 2810 posse.
1360 2730 1525 2807 Quoniam

229 2851 305 2895 vero
328 2830 423 2895 Duris
445 2831 527 2894 falso
550 2851 617 2895 non
640 2833 745 2896 solum
767 2832 924 2909 Samium,
948 2833 1007 2896 sed
1030 2832 1128 2896 etiam
1150 2832 1269 2896 Dioclis
1293 2833 1394 2897 filium
1415 2833 1522 2915 Pany-

230 2935 318 2998 assin
340 2933 530 3010 nominavit,
554 2954 651 3016 quem
674 2936 771 2999 ceteri
797 2935 967 3016 Polyarchi
995 2935 1097 2999 filium
1127 2934 1278 3012 dicerent,
1307 2937 1524 3000 dubitandum

231 3041 289 3115 est,
313 3057 355 3102 an
376 3037 472 3101 Duris
495 3038 626 3103 omnino
651 3038 691 3102 de
713 3039 920 3119 Panyassidis
942 3042 1060 3120 poetae
1082 3057 1224 3119 persona
1246 3041 1410 3104 erraverit.
1449 3038 1523 3116 Quo

231 3161 339 3206 errore
372 3141 465 3205 facile
498 3141 579 3204 alter
613 3141 653 3204 de
687 3141 832 3204 eiusdem
866 3144 974 3205 aetate
1008 3141 1084 3204 oriri
1115 3142 1236 3221 potuit,
1271 3142 1312 3205 de
1342 3162 1407 3223 qua
1436 3162 1525 3219 nunc

183 3291 185 3296 -
230 3244 403 3308 dicendum
430 3248 488 3306 est.

714 3449 765 3527 ΙΙΙ.
809 3449 858 3530 lle
886 3451 1048 3534 aetate¹l

316 3587 363 3650 De
385 3587 592 3668 Panyassidis
621 3590 728 3650 aetate
752 3587 840 3668 apud
862 3591 987 3652 veteres
1011 3588 1140 3652 fuerunt
1163 3589 1332 3670 opiniones
1356 3588 1450 3665 duae,
1483 3587 1524 3651 de

231 3691 348 3772 quibus
375 3691 462 3772 apud
485 3689 621 3753 Suidam
644 3710 669 3752 s.
692 3711 722 3754 v.
746 3691 894 3763 Πανύασις
917 3692 998 3756 haec
1020 3692 1182 3756 feruntur:

317 3796 332 3858 ὁ
357 3796 390 3858 δὲ
413 3794 560 3864 Πανύασις
586 3792 690 3876 γέγονε
717 3796 792 3857 κατὰ
819 3798 870 3879 τὴν
894 3792 936 3880 ors
965 3797 1140 3879 ὀλυμπιάδα·
1164 3797 1240 3858 κατὰ
1263 3795 1301 3858 δέ·
1318 3818 1396 3867 τινας
1418 3795 1523 3879 πολλῷ

231 3898 434 3984 πρεσβύτερος·
459 3899 508 3959 καὶ
530 3898 585 3981 γὰρ
608 3883 643 3979 ἦν
666 3898 792 3960 ἐπὶτῶν
816 3898 978 3981 Περσικῶν.
1019 3942 1020 3946 =

318 4051 339 4119 1)
366 4052 444 4104 Hanc
461 4050 627 4118 quaestionis
641 4055 745 4117 partem
759 4050 854 4104 iisdem
868 4051 922 4104 fere
938 4051 1026 4105 verbis
1041 4051 1165 4119 proximo
1180 4067 1253 4104 anno
1268 4050 1338 4104 edidi
1352 4050 1524 4118 inscriptam:

232 4139 270 4191 De
293 4137 464 4206 Panyassidis
488 4140 576 4188 aetate
603 4134 667 4202 quid
691 4135 833 4188 statuerint
855 4140 969 4200 veteres,
1001 4137 1210 4206 adiunctamque
1232 4136 1426 4204 programmati
1449 4153 1524 4206 gym-

231 4223 300 4277 nasii
317 4223 381 4291 regii
398 4219 599 4283 Hannoverani,
618 4220 692 4286 quod
710 4219 807 4272 dicitur
823 4220 992 4287 imperatoris
1011 4221 1150 4274 Guilielmi.
1179 4223 1254 4274 1890.
1285 4222 1361 4286 Earn,
1380 4238 1443 4275 cum
1461 4223 1526 4276 hnic

231 4308 411 4364 dissertationi
437 4307 566 4360 insertam
593 4305 680 4357 ordini
706 4305 929 4372 philosophorum
958 4307 1112 4360 tradiderim
1137 4311 1199 4359 ante
1224 4323 1306 4374 quam
1330 4307 1358 4359 in
1384 4307 1527 4374 publicum

231 4396 361 4459 ederetur,
388 4393 467 4446 venia
485 4391 550 4444 data
567 4392 620 4444 hoc
638 4391 698 4444 loco
720 4391 805 4444 refero
824 4407 858 4444 ne
876 4391 913 4445 rei
932 4391 1074 4458 explicatio
1092 4393 1310 4460 interrumpatur.
