3330 5214
817 357 1029 420 ..72-

277 548 386 594 rerum
418 548 457 592 ac
489 527 666 592 recentimn
697 528 919 609 magnitudine
947 529 1182 593 obscurabatur
1211 529 1416 610 Choerilique
1444 529 1573 594 Perseis
1645 523 1646 554 ³

277 631 404 696 animos
424 633 568 708 tenebat,
590 631 767 695 Heracleae
787 635 973 712 temporum
995 619 1237 714 opportunitate
1259 633 1424 698 carebant.
1457 632 1573 713 ltaque
1645 651 1646 694 3

278 751 343 815 quo
365 732 468 815 magis
490 733 629 798 Choerili
650 733 824 798 auctoritas
845 734 1010 811 minuitur,
1027 754 1068 798 eo
1086 736 1188 816 magis
1205 733 1409 817 Panyassidis
1429 734 1573 798 auctori·
1645 763 1646 784 2

277 839 379 900 tatem
407 837 555 900 ridemus
582 835 706 918 augeri,
739 836 795 918 qui
825 835 971 900 Platonis
1003 842 1125 915 aetate,
1158 857 1233 902 cnm
1265 837 1406 902 Choerili
1438 855 1573 900 carmen
1645 869 1646 880 ν

278 957 405 1004 stamma
425 939 524 1003 laude
544 937 662 1015 tlomit,
683 938 792 1002 multis
813 938 971 1020 placuisse
991 959 1059 1004 non
1080 944 1199 1021 potest.
1242 940 1327 1003 Nam
1355 942 1469 1003 contra
1496 957 1572 1002 om·
1645 975 1646 988 τ

277 1041 368 1106 nium
396 1043 464 1106 fere
490 1041 641 1105 iudicium
668 1059 688 1104 a
712 1040 850 1106 Platone
872 1041 1039 1106 Choerilus
1060 1043 1255 1109 Antimacho
1284 1042 1482 1124 postpositus
1510 1046 1573 1119 est,
1645 1075 1646 1126 1

278 1163 375 1226 quem
393 1143 470 1209 artis
487 1143 634 1226 poeticae
652 1144 777 1208 ratione
795 1143 981 1227 Panyassidi
997 1145 1217 1227 propinquum
1234 1145 1332 1210 fuisse
1351 1144 1572 1225 cognovimus.
1645 1151 1646 1198 ἒ

276 1247 385 1328 Atque
415 1246 512 1310 etiam
538 1245 668 1311 Duridis
697 1249 730 1311 et
760 1246 946 1312 Callirnachi
957 1247 981 1326 ¹)
1010 1251 1118 1312 aetate
1145 1267 1206 1329 pro
1235 1248 1323 1312 malo
1351 1246 1573 1311 existimatore
1645 1315 1646 1328 ,

277 1349 475 1427 habebatur,
507 1347 562 1432 qui
583 1349 734 1414 Choerilo
755 1350 985 1415 Antimachum
1018 1351 1248 1433 anteponebat.
1301 1351 1338 1414 ln
1371 1349 1573 1431 optimorum
1645 1357 1646 1426 ζ

277 1455 387 1516 autem
409 1452 574 1534 epicorum
595 1469 768 1517 numerum
788 1453 958 1535 Panyasis
980 1457 1012 1518 et
1033 1453 1246 1518 Antimachus
1270 1472 1338 1518 non
1364 1452 1458 1517 relati
1482 1457 1572 1529 sunt,
1645 1493 1646 1522 τ

278 1553 355 1636 quin
377 1553 544 1619 Choerilus
564 1554 884 1636 praetermitterem,
1645 1551 1646 1578 *

363 1657 447 1722 Hinc
475 1658 555 1722 satis
583 1662 734 1739 apparet,
763 1677 864 1739 quam
896 1658 1031 1722 dubium
1064 1659 1120 1736 sit,
1153 1677 1234 1722 num
1266 1659 1346 1740 quid
1377 1659 1573 1740 Panyassidi
1645 1647 1646 1720 l

278 1759 447 1824 Choerilus
462 1761 496 1825 in
507 1763 576 1824 arte
588 1760 717 1842 poetica
728 1760 886 1838 debuerit,
902 1762 1034 1842 quemii
1050 1761 1182 1842 quidem
1192 1760 1400 1843 Panyassidis
1417 1761 1572 1842 exemplo
1645 1751 1646 1800 ἦ

277 1881 344 1926 non
361 1863 535 1944 impulsum
550 1863 781 1941 iudicaverunt,
804 1865 859 1944 qui
879 1883 937 1928 eos
954 1864 1199 1928 arbitrabantur
1216 1866 1324 1928 aetate
1342 1863 1442 1927 fuisse
1459 1883 1572 1945 pares.

277 1965 382 2030 Immo
401 1965 579 2044 Choerilus,
595 1965 622 2029 si
641 1966 741 2030 modo
757 1967 920 2048 cognitum
931 1967 1023 2032 illum
1039 1967 1165 2043 habuit,
1185 1966 1319 2032 consilio
1338 1966 1371 2030 in
1390 1965 1469 2030 artis
1486 1985 1572 2047 poe·
1645 1979 1646 2048 ζ

276 2069 360 2133 ticae
388 2068 513 2133 ratione
536 2069 604 2133 eius
631 2069 834 2134 adversarius
861 2071 1022 2136 exstitisse
1046 2069 1213 2152 putandus
1242 2073 1309 2146 est,
1336 2072 1373 2133 ut
1402 2068 1445 2132 ad
1472 2088 1573 2132 suum

277 2172 446 2236 arbitrium
468 2171 648 2236 blanditam
670 2192 708 2237 ac
730 2175 916 2238 recentioris
938 2174 1096 2256 temporis
1117 2173 1291 2238 materiam
1317 2171 1459 2236 emmine
1481 2175 1571 2234 trac-

277 2275 366 2338 tavit.
400 2273 513 2356 ltaque
530 2275 591 2338 etsi
600 2273 773 2355 Panyassis
788 2276 980 2340 exstinctam
994 2275 1110 2357 poesin
1126 2276 1252 2356 epicam
1262 2293 1426 2340 recreasse
1442 2272 1572 2349 dicitur,

277 2381 389 2441 tamen
417 2395 477 2458 pro
508 2380 597 2439 certo
628 2375 708 2438 nibil
740 2377 879 2458 amplius
911 2378 1025 2442 haberi
1057 2381 1167 2459 potest
1195 2378 1258 2442 nisi
1283 2378 1369 2441 inter
1389 2376 1573 2457 Panyassin
1645 2387 1646 2468 q

278 2482 310 2543 et
333 2479 442 2560 epicos
464 2477 647 2559 superiores
670 2479 811 2560 spatium
832 2479 959 2562 longius
980 2481 1202 2545 intermissum
1226 2499 1308 2544 esse.

364 2579 484 2646 Contra
512 2582 737 2660 Antimachus,
766 2583 844 2664 quin
872 2582 1052 2664 Panyassin
1080 2583 1174 2664 quasi
1203 2580 1370 2664 exemplar
1399 2582 1462 2646 sihi
1491 2601 1569 2663 pro·
1645 2591 1646 2676 q

276 2685 422 2765 posuerit
448 2684 621 2765 multisque
647 2685 680 2747 in
705 2686 802 2749 rebus
824 2686 968 2750 imitatus
990 2685 1046 2763 sit,
1076 2685 1217 2749 dubitari
1238 2704 1307 2748 non
1327 2688 1453 2765 potest,
1486 2703 1569 2765 quo-

276 2785 365 2850 niam
392 2787 536 2851 imitator
565 2787 633 2851 eius
663 2788 705 2851 ab
735 2788 813 2868 ipsis
839 2789 1003 2853 veteribus
1031 2788 1162 2868 suisque
1190 2787 1380 2870 aequalibus
1406 2787 1570 2861 iudicatus
1645 2795 1646 2874 l

277 2892 336 2952 est.
380 2888 428 2952 Ac
455 2889 564 2970 plures
595 2890 663 2954 eius
696 2891 875 2954 imitatores
907 2890 1026 2954 tuerint
1058 2890 1112 2955 illo
1146 2895 1308 2972 tempore,
1341 2909 1415 2954 cum
1448 2893 1571 2969 poetae
1645 2879 1646 2952 l

277 2992 394 3073 egregii
415 2991 512 3056 laude
534 2992 654 3056 florens
676 2993 709 3056 in
732 3013 890 3058 canonem
911 2992 1206 3058 Alexandrinumm
1227 2997 1375 3074 receptus
1399 2995 1457 3056 est.

363 3093 428 3162 Sed
451 3095 599 3176 quamvis
620 3115 739 3177 magna
761 3098 848 3178 apud
869 3101 986 3177 poetas
1005 3100 1037 3160 et
1055 3097 1285 3177 grammaticos
1303 3095 1481 3160 auctoritas
1501 3095 1570 3158 eius

276 3196 381 3274 tuerit,
404 3199 517 3261 tamen
539 3218 559 3262 a
581 3198 696 3262 ceteris
717 3219 786 3263 non
807 3199 945 3264 multum
967 3200 1069 3264 lectus
1090 3199 1218 3263 videtur
1239 3219 1321 3263 esse.
1359 3199 1395 3262 ld
1418 3198 1506 3262 enim
1531 3217 1571 3261 ex

276 3298 376 3380 ipsius
403 3299 554 3364 carminis
576 3301 618 3364 ab
643 3321 682 3364 eo
706 3303 814 3384 scripti
835 3306 953 3367 natura
979 3301 1233 3382 intellegendum
1256 3306 1315 3378 est,
1338 3321 1411 3366 cum
1428 3300 1569 3365 elocutio

276 3419 374 3483 saepe
403 3403 588 3466 Antimachi
622 3423 714 3469 more
742 3405 839 3469 tuerit
868 3425 985 3485 aspera
1013 3405 1211 3486 minimeque
1241 3404 1394 3486 vulgaris,
1430 3403 1570 3467 materia

276 3508 415 3570 tractata
437 3506 478 3568 sit
500 3505 542 3569 ab
564 3506 635 3571 aliis
658 3507 777 3571 multis.
812 3507 852 3571 Et
872 3507 1077 3571 inveniuntur
1099 3507 1282 3588 fragmenta
1305 3508 1435 3570 servata
1456 3505 1570 3569 omnia
1645 3553 1646 3618 q

277 3608 363 3688 apud
386 3608 558 3688 scriptores
581 3613 637 3674 aut
659 3611 887 3692 grammaticos
909 3614 966 3674 aut
988 3610 1038 3673 his
1060 3610 1271 3690 propinquos.
1312 3609 1450 3690 Magnae
1473 3609 1570 3690 igitur
1645 3663 1646 3668 ,

277 3729 314 3774 ac
337 3710 508 3775 diuturnae
531 3713 731 3777 auctoritatis
753 3716 852 3795 poeta
874 3712 934 3776 tuit
955 3712 1137 3794 PanyassiS,
1161 3713 1219 3775 sed
1241 3731 1359 3792 parum
1380 3711 1494 3776 lectus
1645 3713 1646 3724 ¹

365 3966 387 4037 ¹)
414 3969 526 4023 Proclus
544 3969 578 4022 ad
596 3968 737 4023 Timaeum
754 3967 774 4022 l.
793 3969 834 4021 28.
854 3967 882 4022 C.
913 3965 1084 4040 Ἡρακλείδης
1102 3962 1163 4038 quic
1183 3968 1196 4021 ὁ
1215 3967 1339 4026 Ποντικός
1361 3987 1437 4041 φησιν
1456 3963 1499 4022 ὃτι
1517 3971 1569 4022 τῶν
1645 4009 1646 4034 ,

276 4051 397 4124 Χοιρίλου
411 4055 470 4107 τότε
484 4053 687 4122 εὐδοκιμούντων
707 4051 817 4106 Πλάτων
835 4054 867 4106 τὰ
881 4049 1040 4126 Ἀντιμάχου
1058 4053 1215 4124 προύτίμηοε
1312 4057 1396 4125 μάτην
1411 4049 1456 4108 οὖν
1471 4055 1568 4126 φληνα·
1645 4053 1646 4070 ³

276 4141 350 4211 φοῦτι
369 4135 538 4212 Καλλίμαχος
556 4141 599 4193 καὶ
616 4136 706 4210 Δοῦρις
725 4141 761 4199 ὡς
779 4137 918 4200 Πλάτωνος
937 4139 985 4194 οὐκ
1003 4137 1076 4199 ὄντος
1095 4141 1183 4194 ἱκανοῦ
1202 4143 1294 4210 κρίνειν
1312 4142 1428 4211 ποιητάς.
