3330 5214
670 409 882 474 ..ημ-Ι

217 586 409 651 Artemisiae
437 583 503 648 filio
535 583 622 664 apud
651 583 861 647 Plutarchum
872 581 895 667 ¹)
926 583 1041 664 Pigrae
1050 580 1076 667 ²)
1105 603 1226 648 nomen
1255 604 1336 648 esse.
1386 585 1426 648 Et

122 689 266 754 dubium
300 687 417 764 rideri,
451 686 578 750 filiusne
612 685 817 750 Pisindelidis
852 685 1023 767 Lygdamis
1060 687 1164 750 tuerit.
1219 687 1303 750 Nam
1337 688 1425 768 quod

122 791 301 856 Pisindelis
324 789 625 854 Artemisiaerilius
648 789 689 852 01.
715 789 765 852 75.
791 789 867 850 1==
886 789 951 852 480
972 792 1041 853 tam
1063 789 1212 870 impubes
1240 789 1362 866 fuisset,
1390 793 1426 854 ut

124 895 245 960 matris
276 892 398 956 tutelae
435 893 599 956 subiectus
636 890 752 955 Xerxis
785 891 983 972 expeditioni
1015 893 1171 956 interesse
1203 911 1270 956 non
1302 896 1425 973 posset,

123 995 337 1078 Lygdamidis
360 1014 459 1076 regno
481 995 534 1058 vix
556 994 635 1058 satis
657 993 814 1075 temporis
837 995 984 1076 relinqui,
1008 1014 1081 1059 cum
1103 995 1187 1058 inter
1209 993 1252 1058 ol,
1275 995 1325 1058 75.
1354 996 1367 1058 1
1394 997 1426 1058 et

125 1100 172 1163 ol.
202 1100 253 1162 81.
282 1100 302 1162 3
333 1098 473 1179 spatium
495 1097 591 1162 nimis
622 1097 720 1161 breve
750 1097 977 1178 interpositum
1008 1100 1102 1161 esset.
1155 1097 1247 1175 Quae
1277 1098 1425 1178 profecto

125 1204 324 1283 argumenta
346 1203 421 1266 sunt
443 1200 554 1280 inepta
576 1219 615 1264 ac
636 1199 734 1286 nulla.

218 1305 266 1368 De
287 1303 483 1368 Pisindelide
507 1303 593 1366 enim
614 1302 808 1366 Artemisiae
830 1303 897 1367 filio
918 1303 1007 1367 nulla
1030 1303 1189 1367 dubitatio
1213 1323 1284 1368 esse
1305 1307 1424 1384 potest,

126 1407 196 1472 etsi
217 1411 349 1489 propter
370 1406 534 1471 Plutarchi
556 1407 657 1470 verba
678 1406 789 1486 Pigres
812 1406 875 1483 ille,
898 1407 953 1488 qui
981 1407 1021 1470 de
1047 1407 1187 1470 murium
1215 1411 1247 1470 et
1273 1427 1425 1470 ranarum

124 1529 243 1592 pugna
270 1528 401 1574 carmen
428 1509 650 1589 composuisse
679 1509 806 1586 dicitur,
833 1509 1027 1573 Artemisiae
1057 1510 1182 1574 videtur
1209 1511 1309 1575 fuisse
1331 1511 1425 1574 tilius.

124 1614 218 1677 Nam
241 1613 381 1676 maxime
405 1611 537 1676 dubium
563 1614 621 1688 est,
645 1631 687 1675 an
709 1611 874 1676 Plutarchi
895 1612 985 1676 locus
1008 1613 1143 1676 vitiosus
1166 1614 1217 1678 sit.
1254 1613 1317 1690 Qui
1340 1614 1427 1678 enim

124 1717 244 1797 Pigres
271 1715 359 1795 apud
386 1714 598 1778 Plutarchum
628 1717 643 1778 ὁ
667 1713 851 1798 Ἀρτεμισίας
878 1715 1076 1792 nominatur,
1103 1717 1242 1780 eundem
1271 1713 1424 1798 Suidas3)

125 1819 212 1902 ipsis
233 1818 340 1884 verbis
363 1817 439 1881 dicit
460 1818 654 1882 Artemisiae
676 1819 819 1884 fratrem.
865 1819 1000 1882 Etiamsi
1024 1822 1135 1882 autem
1162 1823 1293 1900 praeter
1320 1819 1425 1900 opini-

126 1942 232 1990 onem
258 1924 407 1984 nostram
432 1921 543 2001 Pigres
569 1921 764 1985 Artemisiae
792 1921 878 1985 filius
904 1921 1011 1998 fuerit,
1040 1921 1121 1986 nihil
1147 1921 1313 2002 impediat,
1343 1940 1425 2002 quo-

124 2027 239 2090 minus
255 2024 426 2088 Pisindelis
444 2043 574 2105 quoque
592 2024 688 2088 fuerit
705 2025 900 2088 Artemisiae
916 2024 1011 2088 filius.
1044 2023 1204 2088 Herodoti
1220 2025 1307 2087 enim
1324 2024 1425 2100 locus,

125 2129 188 2210 qui
211 2128 252 2191 de
273 2127 467 2192 Artemisiae
488 2127 555 2190 tilio
579 2128 694 2192 iuvene
717 2131 777 2204 est,
798 2147 865 2192 non
888 2128 1007 2192 obstat.

218 2231 272 2294 Ad
305 2230 443 2294 alterum
474 2250 561 2294 nune
593 2234 735 2308 transe0,
771 2231 859 2311 quod
893 2231 935 2294 ad
965 2230 1143 2312 Lygdamin
1169 2229 1319 2312 pertinet.
1363 2229 1427 2307 Qui

124 2335 260 2399 etiamsi
281 2332 486 2396 Pisindelidis
508 2332 593 2396 filius
616 2352 789 2414 perperam
813 2335 981 2411 diceretur,
1004 2337 1115 2398 tamen
1138 2353 1213 2397 eum
1232 2332 1363 2397 tertium
1383 2333 1425 2395 ab

123 2437 307 2502 Artemisia
328 2435 651 2499 Halicarnasseorum
672 2440 846 2518 tyrannum
864 2436 963 2502 fuisse
983 2440 1156 2500 constaret.
1190 2436 1321 2500 Nullam
1340 2436 1427 2500 enim

124 2541 231 2605 aliam
258 2540 301 2602 oh
328 2558 461 2601 causam
487 2538 657 2603 Pisindelis
684 2540 888 2616 Artemisiae,
915 2540 1086 2621 Lygdamis
1112 2539 1318 2602 Pisindelidis
1341 2538 1426 2602 filius

122 2643 201 2708 fieri
227 2644 368 2722 poterat,
397 2640 459 2704 nisi
486 2641 574 2721 quod
601 2645 676 2722 post
702 2642 912 2706 Artemisiam
933 2641 1114 2718 Pisindelis
1136 2645 1212 2722 post
1235 2640 1321 2704 hunc
1343 2641 1426 2724 Lyg-

124 2747 239 2811 damis
266 2749 421 2826 tyrannus
451 2743 520 2807 fuit.
571 2743 638 2808 Sed
664 2745 743 2809 nihil
772 2747 830 2822 est,
860 2764 915 2810 cur
937 2744 1137 2825 grammatici
1160 2743 1294 2807 alicuius
1317 2762 1426 2806 011010

122 2869 200 2914 10111
233 2848 443 2928 depravatam
472 2867 544 2911 esse
574 2848 775 2925 arbitremur,
806 2868 879 2912 cum
905 2848 990 2911 male
1020 2847 1042 2910 ii
1068 2847 1273 2910 Herodotum
1300 2846 1426 2909 intelle-

121 2951 247 3027 xerint,
282 2950 336 3032 qui
366 2949 435 3013 eius
464 2950 650 3014 testimonio
681 2951 812 3015 adducti
845 2950 1000 3031 temporis
1035 2950 1186 3031 spatium,
1221 2949 1310 3030 quod
1343 2949 1427 3012 inter

124 3055 169 3118 ol.
192 3054 244 3118 75.
270 3055 283 3116 l
307 3052 398 3116 0101.
420 3053 471 3116 81.
495 3053 513 3116 3
536 3057 595 3130 001,
628 3053 757 3116 brevius
785 3073 856 3117 esse
880 3053 1055 3134 opinantur
1083 3072 1180 3133 quam
1205 3057 1241 3117 111
1264 3073 1282 3116 0
1305 3051 1425 3116 Suidae

121 3156 318 3222 testimonio
348 3155 541 3220 Artemisiae
571 3156 655 3220 filius
685 3157 868 3227 Pisindelis,
902 3157 997 3220 huius
1030 3153 1122 3220 filius
1148 3154 1320 3236 Lygdamis
1355 3172 1426 3216 esse
1463 3160 1465 3164 '

121 3259 283 3342 potuerit.

219 3361 307 3438 Quid
330 3361 416 3424 enim
438 3361 480 3424 de
502 3361 699 3425 Pisindelide
721 3361 971 3426 existimandum
992 3366 1041 3425 est
1059 3361 1228 3442 impubere
1248 3358 1426 3440 matrisque

122 3465 254 3530 tutelae
272 3464 439 3528 subiecto?
474 3464 556 3529 Cum
574 3463 689 3528 Xerxis
707 3465 870 3546 expeditio
887 3463 989 3541 fieret,
1008 3463 1191 3527 Artemisae
1208 3462 1307 3526 tuisse
1323 3461 1426 3525 filium

122 3570 297 3643 iuvenem,
334 3586 402 3630 non
439 3567 642 3649 impuberem
680 3567 749 3649 ipse
783 3567 970 3631 Herodotus
978 3565 1005 3649 ⁴¹)
1039 3566 1132 3630 testis
1166 3568 1215 3628 est
1248 3563 1426 3645 perspicuis

124 3671 239 3737 verbis
257 3670 370 3754 dicens
386 3670 475 3734 nulla
492 3670 686 3734 necessitate
703 3674 850 3734 coactam
867 3669 1077 3733 Artemisiam
1094 3667 1209 3732 Xerxis
1229 3665 1426 3748 expeditioni

123 3773 325 3840 interfuisse.
365 3772 451 3836 Nam
473 3793 540 3836 non
563 3771 669 3838 solum
686 3774 797 3854 ipsam
816 3773 885 3836 viro
908 3776 1037 3836 mortuo
1060 3791 1223 3852 regnasse,
1247 3769 1305 3833 sed
1328 3769 1426 3833 etiam

220 3925 242 3994 ¹)
268 3927 337 3980 Plut.
356 3927 548 3980 (1011101.Ηο1.
568 3926 595 3980 C.
614 3927 656 3992 43,
676 3927 716 3980 ed.
733 3927 867 3995 Wyttenb.
886 3928 906 3992 I,
924 3943 950 3994 p.
964 3927 1027 3980 509:
1055 3921 1140 3990 ὥσπερ
1160 3924 1425 3994 βατραχομυομαχίας

125 4016 266 4084 γινομένης
286 4010 381 4082 Πίγρης
400 4012 413 4064 ὁ
433 4009 593 4077 Ἀρτεμισίας
612 4012 637 4063 έν
658 4013 726 4064 tueor
745 4013 842 4073 παίζων
861 4013 904 4064 καὶ
923 4012 1043 4084 φλυαρῶν
1063 4012 1164 4083 ἔγραψε.

218 4098 240 4166 ²)
268 4096 372 4168 Πίγρης,
391 4097 455 4163 Gen,
474 4095 574 4169 Πίγρεω
594 4098 626 4154 cf.
645 4097 831 4166 Dittenberger
849 4098 911 4166 Syll.
929 4097 975 4151 Nr.
995 4099 1019 4150 6.

217 4183 241 4252 3)
268 4201 289 4238 s.
308 4201 333 4238 v.
352 4182 458 4252 Πέγρηςε
482 4181 528 4247 ll.,
552 4179 608 4252 Κὰρ
633 4182 683 4236 ἀπὸ
701 4181 919 4251 Ἃλιιιαρνασσαῠ,
943 4183 1052 4252 ἀδελφός
1077 4177 1237 4248 Ἀρτεμισίας
1261 4184 1307 4247 τῆς
1326 4181 1352 4234 ἐν
1370 4188 1425 4239 τοῖς

124 4273 252 4338 πολέμοις
271 4269 418 4338 διαφανοῦς,
436 4267 584 4322 Μαυσώλου
603 4269 721 4337 γυναικός
740 4309 875 4322 ......
893 4270 987 4340 ἔγραψε
1006 4309 1012 4322 .
1032 4309 1038 4320 .
1058 4308 1063 4320 .
1082 4265 1364 4339 Βατραχομυομαχίαν.

216 4355 240 4423 ⁴)
261 4356 329 4410 Her.
343 4356 398 4420 Vll,
414 4356 461 4408 99:
481 4355 533 4408 τῶν
552 4357 598 4421 μέν
617 4372 661 4406 νυν
680 4353 766 4407 ἄλλων
786 4354 815 4406 οὐ
834 4357 1036 4424 παραμέμνημαι
1054 4353 1214 4424 ταξιαρχέων
1234 4354 1268 4412 ὡς
1287 4352 1335 4404 οὐκ
1351 4354 1425 4421 ἀναγ-

124 4442 281 4508 καζόμενος,
301 4440 461 4510 Ἀρτεμισίης
480 4441 515 4505 δέ,
533 4443 579 4510 τῆς
598 4440 707 4507 μάλιστα
723 4441 801 4508 θῶμα
814 4442 933 4507 ποιεῦμαι
948 4441 988 4493 ἐπὶ
1003 4443 1050 4508 τὴν
1064 4437 1181 4492 Ἐλλάδα
1198 4442 1426 4508 στρατευσαμένης,

125 4527 249 4598 γυναικὸς
266 4523 323 4595 ἥτις
341 4524 517 4586 ἀποθανόντος
536 4529 581 4579 τοῦ
600 4525 691 4594 ἀνδρὸς
709 4525 774 4596 αὐτη
792 4545 819 4578 τε
838 4527 934 4596 ἔχουσα
952 4529 998 4594 τὴν
1022 4526 1157 4594 τυραννίδα
1180 4527 1225 4579 καὶ
1241 4523 1329 4583 παιδὸς
1348 4525 1425 4594 ὑπάρ-

126 4631 225 4686 χοντος
244 4614 352 4682 νεηνίεω
372 4611 419 4665 ὑπὸ
438 4612 553 4681 λήματός
570 4631 598 4664 τε
616 4612 659 4664 καὶ
677 4612 800 4683 ἀνδρηῖης
819 4612 982 4679 ἐστρατεύετο
1001 4611 1121 4682 οὐδεμιῆς
1135 4611 1225 4682 ἐούσης
1240 4612 1263 4664 οἱ
1277 4611 1425 4682 ἀναγκαίης.
