3330 5214
815 381 1028 444 ,46-

276 555 317 619 ol.
342 555 392 618 77.
412 555 434 618 l
456 554 652 630 ascribatur,
684 554 726 617 ab
749 553 887 618 Eusebio
911 552 1017 616 eidem
1040 571 1126 615 anno
1148 550 1275 615 videtur
1304 551 1462 631 ascriptus
1486 569 1561 614 esse.

275 657 359 721 Nam
389 657 431 721 ab
461 657 600 721 Eusebio
630 656 673 720 illi
702 655 979 738 perturbationem
1007 659 1217 736 acceperunt,
1250 675 1351 736 quam
1378 654 1466 735 apud
1493 673 1561 717 eum

274 763 403 824 tantam
424 759 523 824 tuisse
545 762 684 840 oportet,
707 763 743 823 ut
766 759 865 823 etiam
887 777 995 825 remm
1013 758 1094 822 ordo
1116 758 1233 822 dubius
1251 761 1346 834 esset,
1370 776 1434 837 quo
1451 756 1561 820 Hiero-

275 881 390 944 nymus
420 867 452 927 et
480 863 654 926 Armenius
685 862 814 943 saepius
843 861 928 925 inter
955 880 990 924 se
1021 859 1181 925 differant.
1236 860 1334 941 Apud
1364 859 1451 923 hunc
1482 858 1561 923 enim

274 965 446 1046 Panyassis
464 970 541 1046 post
555 965 786 1048 Aegyptiorum
805 963 1030 1040 defectionem,
1047 963 1137 1043 apud
1151 963 1384 1044 Hieronymum
1401 965 1477 1026 ante
1494 981 1562 1025 eam

276 1071 557 1133 commemoratur.
592 1069 721 1150 Pugnae
734 1068 776 1132 ad
788 1068 940 1132 Plataeas
952 1069 984 1130 et
996 1066 1039 1130 ad
1050 1065 1195 1148 Mycalen
1207 1065 1396 1130 commissas
1407 1064 1561 1146 Aeschylo

275 1176 392 1253 poetae
414 1171 586 1236 Armenius
609 1170 787 1252 anteponit,
809 1169 1025 1250 Hieronymus
1047 1168 1223 1249 postponit.
1257 1168 1356 1249 Apud
1377 1168 1560 1232 Armenium

276 1275 454 1355 Sophocles
486 1277 586 1356 poeta
619 1275 775 1339 exsistens
809 1271 995 1336 nominatur
1028 1276 1104 1336 ante
1126 1271 1353 1336 Themistoclis
1387 1271 1431 1335 ad
1452 1271 1562 1334 Persas

276 1379 399 1459 lugam,
442 1377 530 1459 apud
562 1376 795 1459 Hieronymum
832 1377 908 1457 post
946 1395 1028 1440 eam.
1083 1375 1314 1462 Aeginetarum
1353 1373 1562 1455 principatum

278 1482 408 1546 ascribit
431 1481 472 1545 ol.
498 1481 548 1545 73.
572 1480 593 1543 l
620 1480 806 1557 Armenius,
838 1479 879 1542 ol.
903 1479 955 1542 67.
978 1479 1000 1542 4
1020 1478 1246 1560 Hieronymus.
1291 1478 1339 1542 Ac
1367 1476 1494 1557 saepius
1514 1475 1562 1538 ille

277 1584 384 1648 omisit
410 1604 505 1665 quae,
528 1582 680 1664 quoniam
711 1583 798 1664 apud
828 1582 915 1646 hunc
946 1582 1106 1659 ferrmtur,
1141 1581 1229 1662 apud
1258 1581 1365 1662 ipsum
1395 1578 1562 1644 Eusebium

277 1687 416 1751 defuisse
438 1685 660 1768 nonpossint.
706 1686 798 1764 Quae
821 1685 907 1749 enim
928 1684 1144 1767 Hieronymus
1167 1685 1208 1749 de
1232 1684 1369 1761 Getone,
1399 1684 1440 1747 de
1463 1680 1562 1746 Fabiis

278 1789 399 1867 occisis
424 1791 464 1854 de
486 1788 643 1854 Romanis
665 1788 698 1852 in
719 1787 836 1869 Algido
859 1791 970 1852 monte
993 1787 1132 1852 obsessis
1156 1807 1194 1852 ac
1215 1786 1368 1864 liberatis
1398 1786 1439 1850 de
1460 1803 1563 1866 pugna

276 1893 481 1957 Marathonia
503 1891 587 1969 dicit,
611 1891 698 1973 apud
713 1891 904 1955 Armenium
927 1891 1053 1968 desunt,
1077 1910 1175 1971 quem
1194 1910 1233 1954 ea
1251 1892 1406 1971 proptera
1425 1887 1562 1952 omisisse

277 1996 508 2072 existimantes
532 1995 621 2076 quod
643 1995 730 2075 apud
746 1993 919 2058 Eusebium
941 1993 1036 2058 nimis
1059 1993 1194 2072 confusa
1213 1997 1311 2075 atque
1327 1993 1450 2058 incerta
1466 1993 1562 2063 erant,

277 2097 328 2162 vix
351 2117 504 2163 erremus.

363 2201 456 2280 Quae
484 2221 557 2265 cum
586 2201 632 2265 ita
659 2201 736 2278 sint,
767 2200 874 2264 facere
897 2200 1029 2265 omnino
1053 2219 1120 2264 non
1142 2219 1329 2281 possumuS,
1361 2197 1440 2280 quin
1461 2198 1562 2278 Pany-

278 2305 364 2376 assin
391 2325 411 2368 a
441 2323 500 2369 suo
532 2324 617 2368 anno
646 2307 807 2368 remotum
837 2306 868 2367 et
890 2303 972 2367 falso
999 2304 1071 2367 loco
1094 2303 1251 2368 insertum
1273 2322 1343 2367 esse
1365 2301 1561 2366 arbitremur.

277 2406 389 2487 Neque
413 2407 499 2472 enim
521 2407 595 2472 ideo
618 2409 655 2471 ut
673 2409 750 2471 ante
773 2405 814 2470 ol.
834 2407 873 2471 75
896 2406 1042 2471 flomisse
1061 2407 1223 2471 videretur
1242 2425 1302 2470 nec
1319 2408 1453 2487 propter
1468 2403 1563 2468 ullam

277 2529 346 2573 rem
369 2509 402 2573 in
423 2509 490 2574 vila
512 2509 670 2591 insignem
691 2528 751 2574 nec
772 2529 831 2590 per
847 2510 1126 2591 synchronismum
1150 2508 1191 2573 ol.
1211 2509 1300 2573 724
1323 2508 1481 2588 ascriptus
1497 2525 1563 2570 esse

277 2615 394 2693 potest.
439 2614 486 2676 Ac
508 2612 663 2694 plurimas
686 2632 737 2676 res
760 2612 849 2693 apud
871 2613 1044 2694 Eusebium
1067 2612 1138 2694 ipso
1161 2612 1224 2676 hoc
1252 2612 1323 2676 loco
1347 2632 1367 2674 a
1389 2611 1454 2675 suis
1476 2608 1562 2674 annis

277 2718 420 2780 remotas
453 2735 523 2779 esse
556 2715 703 2780 vidimus.
765 2715 828 2793 Qui
858 2735 935 2779 vero
969 2715 1057 2796 apud
1090 2715 1322 2798 Hieronymum
1355 2717 1430 2796 post
1462 2714 1562 2794 Pany-

278 2818 363 2882 assin
397 2822 705 2896 commemorantur,
746 2818 838 2882 Fabii
871 2818 966 2882 occisi
999 2821 1032 2882 et
1064 2818 1204 2882 Romani
1240 2817 1382 2894 liberati,
1420 2817 1498 2881 item
1529 2834 1564 2878 ac

278 2921 448 3004 Panyassis
476 2921 557 2985 falso
585 2922 657 2985 loco
687 2921 797 2985 inserti
825 2941 863 2985 ac
892 2920 989 3001 longe
1019 2941 1040 2985 a
1068 2920 1131 2985 suis
1154 2921 1246 2985 annis
1268 2919 1384 2985 remoti
1421 2919 1564 2984 videntur

279 3044 358 3088 esse.
403 3024 566 3102 Quoniam
594 3023 689 3104 igitur
720 3043 770 3088 res
801 3024 982 3105 complures
1006 3025 1122 3089 eodem
1151 3025 1223 3089 loco
1246 3042 1398 3106 perverso
1426 3041 1563 3086 comme·

278 3130 458 3203 morantur,
488 3126 574 3190 hunc
603 3126 711 3190 locum
733 3127 898 3207 quondam
921 3127 1073 3192 idoneum
1096 3127 1193 3191 fuisse
1216 3129 1366 3208 apparet,
1396 3125 1451 3207 qui
1473 3125 1564 3190 rebus

278 3230 509 3310 compleretur,
543 3248 627 3310 quae
660 3228 829 3294 deficiente
859 3229 963 3310 spatio
993 3236 1051 3293 suo
1082 3230 1154 3294 loco
1184 3229 1300 3294 ascribi
1329 3249 1397 3294 non
1427 3229 1564 3310 possent.

277 3332 385 3412 Atque
417 3332 502 3396 hanc
535 3332 578 3396 ob
613 3352 743 3396 causam
776 3333 947 3415 Panyassis
980 3333 1013 3396 in
1046 3332 1087 3396 ol.
1120 3334 1170 3397 77.
1201 3334 1224 3396 4
1258 3333 1335 3414 quin
1368 3331 1487 3397 relatus
1519 3329 1564 3404 sil,

278 3455 346 3498 non
375 3437 424 3499 est
451 3455 506 3498 cur
536 3435 734 3513 dubitemuS,
765 3455 839 3499 cum
867 3436 900 3499 in
929 3436 1057 3500 Eusebii
1086 3436 1198 3499 tabula
1227 3434 1401 3519 olympiadi
1432 3435 1473 3498 75
1501 3435 1565 3496 tam

278 3538 380 3601 multa
402 3537 520 3602 fuerint
538 3538 728 3602 ascribenda
746 3542 782 3602 ut
800 3539 948 3604 facillime
968 3539 1108 3619 spatium
1127 3538 1264 3603 deficere
1280 3540 1399 3620 posset.
1434 3537 1469 3600 ln
1486 3536 1566 3599 hanc

279 3640 363 3704 enim
388 3640 603 3722 olympiadem
626 3642 755 3719 cadunt,
779 3641 861 3723 quae
884 3644 1180 3706 commemorantur
1203 3643 1243 3705 de
1265 3641 1402 3707 Athenis
1425 3637 1565 3712 incensis,

280 3744 321 3807 de
354 3743 469 3825 pugnis
502 3743 535 3807 in
564 3744 802 3828 Thermopylis,
837 3746 925 3826 apud
953 3744 1131 3821 Salamina,
1165 3746 1253 3825 apud
1285 3744 1449 3820 Plataeas,
1483 3740 1566 3822 apud

278 3846 423 3928 Mycalen
446 3847 631 3924 commissis
656 3848 696 3912 de
715 3848 829 3912 Piraeo
852 3848 986 3923 munite,
1011 3847 1052 3911 de
1068 3847 1219 3920 Hierone,
1243 3848 1284 3912 de
1302 3846 1505 3929 Panyasside,
1528 3843 1566 3908 de

280 3949 445 4013 Simonide
468 3952 500 4014 et
522 3949 673 4027 Pindum,
698 3952 739 4014 de
761 3951 901 4016 Pindaro
924 3952 1070 4015 llorente.
1503 3943 1505 3948 ’

365 4053 431 4117 Sed
455 4053 535 4116 haec
557 4053 723 4118 hactenus.
766 4054 850 4118 Satis
873 4054 959 4117 enim
980 4052 1186 4134 perspicuum
1208 4056 1266 4130 est,
1290 4072 1391 4134 quam¹
1411 4050 1566 4116 immerito

279 4155 465 4237 Hieronymi
496 4159 527 4218 et
559 4156 704 4221 Armenii
729 4156 913 4221 testimonio
945 4155 1026 4219 fides
1055 4155 1168 4219 habita
1197 4155 1251 4232 sit,
1285 4173 1383 4236 quam
1417 4155 1499 4219 falso
1527 4152 1568 4216 illi

279 4258 452 4340 Panyassin
483 4257 524 4322 ol.
555 4260 604 4323 77.
633 4261 654 4322 l
685 4259 897 4341 ascripserint.
953 4258 1016 4336 Qui
1049 4259 1075 4321 si
1104 4278 1163 4322 suo
1192 4258 1264 4322 loco
1293 4258 1482 4322 reddendus
1513 4259 1566 4332 est,

280 4360 321 4423 ol.
347 4362 397 4425 75.
424 4362 438 4424 1
465 4362 579 4425 ascribi
603 4363 709 4428 debet.

365 4466 572 4530 Postremum
595 4469 644 4528 est
670 4469 706 4528 ut
734 4485 817 4546 quae
841 4465 882 4529 de
904 4464 1111 4546 Panyassidis
1135 4468 1243 4528 aetate
1267 4464 1567 4538 demonstravimus,

279 4568 394 4632 Avieni
416 4568 603 4633 testimonio
627 4567 669 4631 ab
692 4567 844 4632 omnibus
868 4568 975 4632 adhuc
990 4567 1137 4648 neglecto
1159 4566 1399 4650 confirmemus.
1433 4569 1471 4633 Id
1487 4568 1569 4636 enim
