3330 5214
828 415 1041 477 ,44-

288 608 360 654 esse
388 591 512 652 certum
540 590 599 651 est.
609 586 634 670 ¹)
679 587 766 652 Satis
793 586 890 667 igitur
914 586 1086 662 habemus,
1114 605 1171 650 cur
1197 586 1377 650 Pindarum
1398 587 1456 648 aut
1476 584 1572 664 primo

288 695 345 756 aut
361 691 459 756 tertio
474 690 516 755 ol.
529 691 570 754 75
589 709 676 755 anuo
694 689 923 754 ascribendum
941 689 1039 754 luisse
1058 689 1261 752 arbitremur.
1296 687 1428 752 Offendi
1446 687 1573 751 enimin

289 813 329 858 eo
347 813 413 858 non
432 794 541 870 debet,
560 793 659 874 quod,
678 794 706 857 si
723 797 811 858 recte
821 792 997 856 Eusebium
1013 791 1221 868 mutavimus,
1237 791 1398 855 Pindarus
1417 789 1459 854 ol.
1473 790 1512 852 75
1530 789 1572 852 bis

288 897 448 976 ascriptus
481 896 634 968 habetur,
668 895 769 960 semel
802 895 905 972 solus,
939 893 1040 959 semel
1074 913 1148 958 cum
1181 893 1350 958 Simonide
1383 893 1572 956 coniunctus.

287 999 392 1063 Immo
409 1018 483 1062 cum
503 998 567 1064 hae
590 998 867 1064 commemorandi
888 998 1031 1062 rationes
1053 1001 1086 1061 et
1108 1017 1208 1062 causa
1230 1001 1263 1062 et
1284 997 1316 1061 vi
1338 996 1486 1060 diversae
1508 995 1572 1071 sint,

288 1121 340 1166 res
368 1101 448 1165 nihil
475 1101 548 1165 miri
575 1102 685 1166 habet.
730 1101 982 1183 Synchronismo
1012 1099 1100 1164 enim
1121 1100 1201 1164 nihil
1223 1099 1364 1181 amplius
1386 1099 1573 1180 significatur

289 1205 352 1270 nisi
374 1204 429 1286 qui
450 1208 538 1268 certo
560 1208 709 1286 tempore
731 1205 849 1270 fuerint
871 1203 1034 1286 aequales.
1078 1203 1126 1267 Ex
1153 1211 1321 1294 quqcum
1346 1202 1490 1283 intellegi
1515 1221 1572 1265 non

287 1308 405 1389 possit,
437 1327 501 1389 quo
531 1307 603 1390 quis
631 1311 780 1389 tempore
809 1311 905 1372 natus
935 1307 977 1371 sit
1005 1307 1057 1372 vel
1089 1306 1249 1382 floruerit,
1283 1305 1347 1370 hoc
1380 1305 1447 1369 suis
1475 1304 1572 1370 verbis

289 1411 463 1476 dicendum
486 1414 565 1475 erat.

373 1513 464 1578 Haec
486 1513 635 1595 exempla
657 1513 700 1578 ad
726 1514 812 1578 viros
841 1514 946 1579 claros
973 1513 1165 1579 attinebant.
1210 1511 1380 1576 Accedunt
1401 1529 1479 1574 vero
1507 1510 1571 1584 alia,

213 1641 215 1647 ’
289 1635 373 1697 quae
395 1616 513 1681 adres
535 1616 684 1681 attinent.
727 1616 875 1698 Pugnam
897 1615 1137 1682 Marathoniam
1159 1614 1201 1678 ol.
1225 1615 1277 1678 77.
1300 1617 1321 1680 3
1343 1613 1571 1687 ascribendam,

290 1737 389 1799 quam
418 1718 591 1783 Armenius
620 1719 747 1784 silentio
777 1719 1018 1800 praetermittit,
1051 1718 1268 1800 Hieronymus
1299 1716 1383 1781 falso
1417 1715 1460 1780 ol.
1488 1716 1570 1778 771

289 1821 430 1885 ascribit.
464 1821 594 1902 Pugnae
611 1822 700 1903 apud
715 1821 867 1887 Plataeas
884 1826 917 1886 et
933 1821 1022 1902 apud
1037 1821 1183 1904 Mycalen
1200 1820 1392 1885 commissas
1409 1819 1572 1884 Armenius

289 1943 404 2004 parum
438 1927 586 1990 accurate
618 1924 661 1989 ol.
692 1926 743 1989 75.
778 1923 797 1988 3
831 1925 977 2000 ascribit,
1014 1924 1231 2007 Hieronymus
1268 1923 1368 1988 etiam
1399 1922 1572 2004 perversius

289 2027 331 2090 ol.
355 2027 406 2090 76.
433 2027 460 2090 1.
504 2026 561 2090 Ille
586 2027 734 2093 Athenas
763 2047 785 2092 a
810 2027 917 2093 Xerxe
945 2026 986 2091 ol.
1011 2027 1061 2092 74.
1085 2027 1105 2092 7
1133 2027 1283 2092 incensas
1311 2047 1384 2092 esse
1412 2026 1497 2102 dicit,
1528 2023 1573 2087 hic

289 2129 330 2192 ol.
355 2129 405 2192 74.
434 2129 470 2205 4,
503 2149 576 2194 cum
603 2130 637 2194 in
664 2130 822 2196 01.75.1
851 2150 904 2195 res
934 2129 1094 2194 ceciderit.
1151 2130 1301 2212 Aegyptii
1329 2130 1385 2211 qui
1414 2128 1573 2194 Herodoto

289 2234 421 2296 auctore
449 2231 527 2316 (Vll,
554 2232 584 2316 1)
612 2236 728 2314 quarto
756 2237 832 2314 post
858 2253 1001 2314 pugnam
1027 2233 1267 2298 Marathoniam
1294 2232 1351 2317 (=
1372 2232 1415 2296 ol.
1434 2232 1484 2296 73.
1506 2229 1536 2314 3)
1557 2248 1573 2292 a

290 2333 398 2398 Persis
431 2334 632 2412 deiecerunt,
665 2336 753 2417 apud
785 2336 975 2400 Armenium
1009 2336 1051 2400 ol.
1081 2336 1132 2401 77.
1159 2337 1208 2413 4,.
1229 2336 1319 2417 apud
1350 2335 1574 2417 Hieronymum

288 2436 330 2502 ol,
351 2437 401 2500 73.
425 2437 438 2500 1
465 2436 622 2502 defecisse
645 2437 802 2503 dicuntur.
835 2439 1066 2521 Aeginetarum
1088 2439 1206 2524 (Anna
1229 2437 1475 2521 Aegyptiorum)
1493 2437 1573 2519 prin·

289 2539 415 2620 cipatus
436 2539 626 2616 maritimus,
650 2559 748 2622 quem
769 2541 814 2606 illi
837 2542 950 2606 decem
972 2562 1076 2607 annos
1098 2562 1201 2624 usque
1220 2542 1264 2607 ad
1280 2543 1396 2606 Xerxis
1412 2541 1573 2606 transitum

289 2642 468 2707 obtinuisse
497 2642 585 2722 apud
612 2643 803 2709 Armenium
831 2645 989 2722 dicuntur,
1019 2646 1061 2710 ab
1090 2645 1207 2710 eodem
1235 2646 1276 2710 ol.
1301 2647 1353 2710 73.
1376 2645 1396 2709 3
1424 2644 1573 2724 ascriptus

289 2749 348 2822 est,
377 2764 450 2809 oum
478 2745 519 2808 ol.
544 2745 594 2809 77.
619 2747 638 2810 3
666 2747 762 2811 fuerit
790 2748 1009 2813 ascribendus.
1054 2749 1231 2813 Fabiorum
1259 2749 1377 2814 caedes
1400 2749 1443 2813 ab
1465 2748 1572 2812 Hiero·

289 2867 386 2929 nymo
418 2849 460 2916 ol.
488 2848 539 2913 77.
568 2848 591 2911 4
620 2849 761 2931 ascripto
791 2851 832 2914 ol.
862 2850 912 2916 75.
941 2851 963 2914 4
991 2852 1185 2918 ascribenda
1213 2849 1321 2935 fuit2)
1376 2851 1518 2915 Romani
1544 2849 1572 2911 iu

289 2950 406 3031 Algido
433 2954 545 3016 monte
572 2952 698 3016 obsessi
727 2955 759 3018 et
786 2974 807 3018 a
829 2953 1019 3018 Chreinnato
1041 2954 1178 3032 liberati,
1208 2974 1281 3018 cum
1311 2974 1398 3018 anno
1422 2954 1463 3018 ol.
1487 2955 1535 3017 80.
1556 2951 1572 3013 3

291 3053 447 3117 utendum
474 3053 578 3132 fuerit,
607 3055 649 3118 ab
677 3054 875 3138 Hieronymo
905 3055 946 3120 ol.
971 3058 1022 3122 77.
1045 3058 1068 3121 4
1089 3054 1338 3142 ascribuntur.3)
1384 3056 1463 3122 Gelo
1486 3057 1573 3138 Syra·

290 3156 374 3220 cusis
402 3175 510 3221 rerum
532 3157 655 3238 potitus
678 3160 727 3222 est
753 3159 794 3223 ol.
819 3161 870 3224 73.
893 3158 960 3242 4⁴)
987 3179 1055 3224 non
1082 3159 1124 3223 ol.
1149 3161 1199 3224 73.
1225 3161 1254 3237 1,
1284 3161 1335 3224 cui
1357 3181 1444 3225 anno
1466 3159 1573 3224 Hiero·

289 3277 404 3340 nymus
428 3278 498 3323 rem
520 3260 661 3337 ascribit,
690 3279 787 3341 quam
810 3262 982 3327 Armenius
1004 3268 1083 3327 item
1106 3283 1145 3327 ac
1165 3263 1343 3328 Fabiorum
1364 3263 1527 3327 interitum
1547 3263 1574 3322 et

290 3361 517 3426 Romanorum
540 3363 748 3427 obsessorum
771 3364 998 3431 liberationem
1019 3366 1116 3447 plane
1139 3366 1268 3430 omittit.
1313 3365 1504 3442 Hieronem,
1526 3362 1574 3445 qui

290 3463 494 3529 dominatum
516 3464 557 3529 ol.
582 3466 632 3530 75.
657 3467 676 3530 3
699 3468 869 3549 acceperit,
879 3467 906 3551 5)
928 3473 1039 3534 tamen
1061 3469 1235 3534 Armenius
1257 3469 1389 3534 ascribit
1411 3469 1453 3533 ol.
1476 3469 1525 3532 76.
1547 3466 1572 3539 3.

290 3568 505 3650 Hieronymus
528 3569 569 3632 ol.
592 3568 641 3632 76.
666 3570 685 3632 7
710 3573 742 3633 et
764 3570 805 3634 ol.
827 3572 877 3636 75.
901 3572 931 3636 4.

375 3670 473 3735 Plura
496 3671 612 3736 afferro
634 3691 701 3736 non
723 3693 806 3754 opus
829 3678 887 3738 est.
925 3674 1041 3739 Restat
1063 3695 1149 3739 nunc
1170 3678 1215 3752 ut,
1239 3695 1322 3756 quos
1342 3693 1502 3740 annorum
1519 3691 1572 3736 nu-

290 3793 398 3839 meros
428 3776 470 3839 ab
502 3775 709 3856 expectandis
738 3776 914 3842 abhorrere
943 3777 1098 3855 vidimuS,
1133 3778 1196 3842 hac
1224 3778 1337 3842 tabula
1368 3777 1572 3860 comprehen-

291 3877 418 3941 damus.

379 4134 400 4204 1)
428 4137 461 4189 cl.
480 4136 557 4190 Diod.
576 4137 620 4201 XI,
640 4137 681 4191 38.
709 4137 742 4191 ol.
760 4137 834 4191 Fast.
852 4137 920 4191 Hell.
939 4139 979 4192 ed.
999 4138 1124 4206 Krueger.

376 4219 399 4289 2)
427 4219 544 4288 Fischer,
562 4223 641 4276 Rom.
660 4222 809 4289 Zeittaieln,
827 4239 854 4292 p.
872 4223 913 4276 73.

376 4305 399 4376 3)
427 4307 460 4362 cl.
480 4307 595 4373 Fischer,
614 4309 693 4363 Rom.
712 4307 861 4374 Zeittafeln,
879 4325 906 4378 p.
925 4307 966 4364 77.

376 4391 399 4462 ⁴)
427 4394 460 4448 ci.
480 4392 559 4448 Diod.
578 4392 622 4459 Xl,
641 4395 682 4448 38.

377 4479 399 4546 ⁵)
427 4479 460 4534 cf.
478 4479 556 4534 Diod.
575 4480 619 4545 Xl,
638 4481 679 4533 38.
