3330 5214
673 413 887 476 --ργ-

220 582 269 646 De
298 582 362 646 hoc
393 583 453 647 etsi
482 584 541 648 viri
571 584 658 648 docti
687 583 828 647 maxime
858 583 1066 660 dissentiunt,
1105 603 1178 648 curn
1206 585 1309 649 multa
1331 585 1364 649 in
1387 605 1426 648 eo

125 687 257 750 incerta
279 689 336 750 aut
359 686 497 750 obscura
519 686 593 762 sint,
626 689 738 750 tamen
770 685 941 762 omittenti,
971 704 1055 766 quae
1085 687 1191 750 verbis
1220 687 1348 752 traditis
1377 688 1426 750 in-

125 793 223 852 certa
244 789 456 870 reliquuntur,
487 793 517 852 et
542 787 770 864 consideranti,
798 807 883 869 quae
911 787 1017 852 verbis
1039 789 1166 853 traditis
1194 789 1273 854 satis
1302 793 1426 870 patent,

125 891 214 956 mihi
247 892 281 954 id
314 891 431 972 ipsum,
466 891 555 972 quod
589 891 632 954 ad
666 891 751 954 hanc
783 910 853 954 rem
885 891 1035 971 pertinet,
1070 894 1161 955 extra
1190 893 1427 957 dubitationem

124 995 261 1058 videtur
284 1013 365 1058 esse.
409 993 494 1058 Nam
517 997 605 1058 certa
627 993 710 1058 haec
731 994 864 1074 quidem
886 993 1020 1058 iudicari
1040 1013 1140 1076 posse
1160 995 1356 1077 putaverim:

224 1098 252 1160 1.
284 1096 458 1161 Decretum
481 1100 611 1162 esseut
633 1097 666 1160 in
689 1096 871 1160 civitatibus
897 1095 1221 1162 Halicamasseorum
1243 1101 1276 1161 et
1298 1097 1426 1162 Salma-

126 1199 271 1263 citarum
292 1217 398 1263 novae
420 1199 594 1264 fundorum
618 1202 650 1263 et
673 1199 845 1262 domorum
862 1199 994 1263 tabulae
1013 1199 1139 1264 tierent.
1179 1200 1259 1285 (τοὺς
1278 1204 1428 1285 μνήμονας

127 1305 174 1386 μὴ
198 1303 392 1386 παραδιδόναι
415 1305 488 1387 μήτε
510 1306 564 1387 γῆν
587 1308 661 1387 μήτε
684 1302 776 1372 οἰκίας
798 1307 858 1372 τοῖς
882 1302 1047 1386 μνήμοσιν.)

221 1407 251 1470 λ.
286 1406 339 1469 Ius
360 1405 579 1487 possessionis
600 1405 634 1468 in
655 1404 775 1469 tabulis
797 1423 1009 1468 mnemonum
1031 1404 1153 1469 relatae
1176 1425 1274 1488 saepe
1293 1407 1428 1472 dubium

125 1508 244 1585 fuisse,
263 1507 387 1589 idquod
403 1507 596 1589 intellegitur
612 1527 687 1572 cum
702 1527 720 1571 e
735 1508 842 1572 verbis
858 1510 1018 1591 καρτερούς
1038 1507 1063 1572 δ’
1082 1508 1156 1572 εἶναι
1174 1509 1227 1593 γῆς
1248 1512 1297 1574 καὶ
1317 1512 1427 1588 οἰκίων,

128 1613 238 1683 οἵτινες
259 1609 318 1676 τότ’
334 1611 428 1696 εἶχον,
451 1599 791 1694 ύτεἈπολαινίδήςκαὶ
809 1611 972 1694 Παναμύης
994 1611 1192 1695 ἐμνημόνευον
1211 1617 1273 1676 κτλ·
1296 1615 1367 1675 tum
1390 1633 1428 1676 ex

128 1735 184 1793 eo,
215 1715 304 1796 quod
331 1733 534 1790 mnemones,
564 1732 704 1794 quorum
733 1713 766 1776 in
792 1713 912 1777 tabulis
938 1713 1042 1777 relata
1066 1713 1232 1795 possessio
1254 1718 1327 1779 rata
1349 1720 1427 1790 erat,

127 1818 255 1882 fundos
275 1821 307 1881 et
326 1817 442 1905 domos
461 1815 695 1880 transscribere
713 1820 873 1880 vetantur.
908 1815 989 1899 (τοὺς
1009 1819 1158 1902 μνήμονας
1178 1821 1218 1902 μὴ
1237 1819 1429 1903 παραδιδόναι

129 1922 208 2005 μήτε
231 1925 286 2004 γῆν
309 1922 382 2004 μήτε
406 1921 496 1990 οἰκίας
518 1927 578 1990 τοῖς
601 1918 756 2004 μνήμοσιν.)

222 2024 252 2088 3.
286 2023 339 2088 Ad
360 2022 433 2087 lites
456 2021 658 2097 iudicandae,
682 2041 765 2104 quae
788 2023 829 2086 de
851 2023 960 2086 fundis
978 2026 1009 2086 et
1026 2022 1177 2086 domibus
1193 2023 1429 2104 impenderent,

128 2127 298 2191 actionem
321 2125 486 2208 quandam
504 2125 739 2205 praescriptam
757 2145 838 2203 esse,
860 2126 949 2190 cuius
972 2125 1044 2190 loco
1063 2127 1102 2190 18
1121 2125 1288 2190 mensibus
1308 2127 1428 2190 exactis

129 2229 219 2294 actio
248 2229 378 2293 brevior
407 2227 508 2292 fieret.
572 2219 620 2311 (ἢν
651 2229 684 2292 δέ
713 2253 753 2300 τις
784 2229 861 2314 θέλγγ
893 2231 1064 2301 δικάζεσθαι
1092 2232 1158 2312 περὶ
1186 2231 1240 2313 γῆς
1267 2221 1287 2312 ἢ
1317 2230 1428 2308 οἰκίων,

129 2334 312 2396 ἐπικαλσίτιυ
335 2334 366 2396 ἐν
390 2333 468 2396 ὀκτὼ
492 2333 542 2395 καὶ
564 2331 639 2395 δέκα
663 2335 748 2416 μησὶν
772 2331 820 2396 ἀπ’
844 2322 879 2396 οὗ
902 2336 935 2397 τὸ
959 2323 1031 2403 ’ύδος
1054 2333 1180 2413 ἐγένετο.
1226 2379 1427 2397 .......

128 2431 168 2519 ἢν
198 2435 232 2500 δέ
260 2459 300 2506 τις
328 2425 449 2519 ὕστερον
477 2437 603 2519 ἐπικαλῇ
630 2437 735 2500 τούτου
757 2436 812 2499 τού
838 2436 948 2520 χρόνου
970 2437 1029 2498 τῶν
1052 2436 1129 2499 δκτιύ
1153 2438 1201 2500 καὶ
1224 2435 1298 2500 δέκα
1318 2436 1428 2520 μηνῶν,

128 2528 225 2623 ύρκον
249 2538 389 2625 εἶναιτῷ
410 2538 564 2622 νεμομένῳ
586 2540 639 2621 τὴν
661 2540 715 2620 γῆν
737 2530 757 2622 ἢ
779 2540 815 2602 τὰ
838 2539 916 2603 οἰκία
938 2538 1014 2621 κτλ.)

221 2641 252 2703 4.
285 2641 459 2706 Decretum
481 2660 553 2705 esse
574 2645 611 2705 ut
632 2642 747 2722 poenis
768 2640 964 2721 gravissimis
982 2641 1071 2705 velut
1093 2640 1203 2704 exsilio
1227 2639 1424 2720 sempiterno

126 2743 366 2827 privandisque
387 2743 483 2807 bonis
506 2743 700 2820 afficeretur,
728 2744 784 2824 qui
805 2743 890 2807 hanc
911 2743 1018 2824 legem
1038 2744 1228 2825 perturbare
1251 2746 1308 2806 aut
1329 2743 1427 2806 abro-

127 2867 211 2930 gare
235 2851 370 2911 conatus
393 2849 488 2910 esset.
528 2846 591 2930 (τδκ
616 2849 706 2932 νόμον
728 2849 840 2925 τοῦτον,
869 2837 905 2930 ἤν
927 2870 967 2918 τις
995 2847 1072 2928 θέλῃ
1096 2847 1219 2931 συγχέαι
1240 2838 1260 2930 ἥ
1283 2847 1429 2930 προθῆται

127 2954 247 3037 ψῆφον,
279 2937 354 3014 ὥστε
384 2953 425 3035 μή
455 2949 529 3014 εἶναι
558 2953 608 3014 τδν
636 2951 726 3033 νύμον
754 2951 867 3031 τοῦτον,
895 2951 932 3014 τά
960 2949 1046 3013 ἐύντα
1074 2949 1163 3012 αὐτού
1192 2951 1356 3033 πεπρήσθυ
1379 2952 1428 3013 καὶ

127 3055 332 3124 τώπύλλιονος
355 3053 429 3118 εἶναι
451 3055 515 3138 ἱερὰ
537 3056 587 3117 καὶ
610 3055 698 3119 αύτδν
721 3054 838 3139 φεύγειν
862 3054 917 3117 ἀεί·
941 3044 977 3136 ἢν
1001 3054 1097 3136 δὲμὴ
1120 3047 1140 3136 ᾖ
1164 3052 1245 3138 αὐτῷ
1268 3043 1332 3124 ἄξια
1355 3053 1428 3116 δέκα

128 3157 298 3240 στατήρων,
333 3157 421 3221 αὐτὸν
454 3159 622 3240 πεπρῆσθαι
652 3156 696 3220 ἐπ’
727 3157 863 3241 ἐξαγωγῇ
897 3158 947 3220 καὶ
979 3157 1102 3240 μηδαμὰ
1133 3157 1265 3220 κάθοδον
1294 3155 1368 3220 εἶναι
1397 3157 1427 3226 ές

119 3257 391 3343 ζΑλικαρκησσύν.)

223 3362 253 3426 5.
286 3362 421 3427 Pactam
443 3362 529 3426 hanc
547 3362 653 3444 legem
672 3382 743 3426 esse
763 3363 846 3426 inter
865 3362 947 3425 duas
965 3365 1085 3442 partes,
1108 3379 1246 3442 quarum
1265 3360 1307 3423 ab
1326 3360 1428 3424 altera

127 3464 261 3530 steterit
289 3465 472 3546 Lygdamis,
503 3466 545 3529 ab
576 3465 678 3530 altera
708 3465 852 3528 civitates
882 3463 1207 3528 Halicamasseorum
1237 3467 1269 3526 et
1298 3463 1426 3528 Salma-

127 3569 281 3633 citarum.
316 3567 400 3651 (τάδε
419 3570 435 3632 δ
455 3569 597 3651 σύλλογος
617 3552 815 3655 ἐβουλεύσατο
836 3562 1130 3651 δἋλικαρνασσέιον
1149 3569 1198 3630 καὶ
1217 3567 1427 3650 Σαλμακιτέαιν

126 3675 186 3736 καὶ
207 3672 377 3757 Λύγδαμις.)

223 3774 252 3837 6.
285 3774 494 3838 Iureiurando
529 3773 571 3837 ad
604 3773 688 3837 hanc
716 3772 821 3854 legem
855 3771 1094 3836 observandam
1128 3791 1167 3834 ac
1198 3771 1357 3835 tuendam
1391 3791 1426 3835 se

126 3875 312 3959 Lygdamin
345 3876 532 3940 astrinxisse
565 3895 603 3939 ac
633 3876 727 3940 civeS.
739 3874 763 3960 ¹)
816 3871 1090 3958 (Ἀλικαρνησσέων
1126 3876 1159 3938 δὲ
1192 3875 1426 3957 τιυσσυμπάντιον

129 4025 394 4035 .-.,—-—.-.———

224 4097 244 4158 1)
271 4095 311 4151 Τὰ
326 4092 404 4170 ύρκιοι
421 4115 476 4166 quo
493 4098 551 4152 iure
566 4097 747 4152 Kirchhoffius
765 4098 838 4165 (pti)
857 4103 884 4152 et
901 4098 946 4152 alii
963 4099 1015 4152 hac
1029 4098 1154 4166 pactione
1169 4096 1308 4166 superiora
1322 4101 1427 4164 putent,

125 4201 192 4242 non
209 4184 344 4252 intellego.
378 4184 449 4238 Nam
466 4187 547 4237 ταῦτα
570 4185 653 4238 verbo
678 4189 801 4252 apertum
825 4189 865 4237 est
882 4201 944 4238 earn
961 4185 1137 4238 constitutam
1155 4200 1187 4237 ac
1209 4182 1377 4251 propositam
1395 4183 1427 4235 iis

123 4272 228 4334 fuisse,
253 4270 300 4338 qui
322 4270 354 4322 τὰ
376 4266 451 4342 ύκρια
474 4271 578 4336 ἔταμον.
614 4270 662 4323 His
684 4269 765 4338 igitur
789 4270 877 4324 verbis
899 4271 988 4338 ipsam
1011 4270 1083 4323 hanc
1105 4269 1259 4337 pactionem
1282 4267 1428 4337 significari

123 4361 201 4430 puto
220 4371 252 4408 ac
269 4355 359 4409 verbis
377 4357 412 4414 ὡς
430 4359 568 4425 γέγραπται
586 4356 612 4408 ἐν
631 4358 667 4426 τῷ
688 4352 856 4426 Ἀπολλωνίῳ
874 4356 947 4409 item.
983 4355 1036 4422 Qui
1053 4355 1126 4409 enim
1144 4356 1256 4409 alteram
1273 4352 1427 4422 pactionem

123 4457 249 4509 eamque
271 4441 437 4509 superiorem
458 4443 540 4496 fuisse
558 4458 592 4496 ex
608 4441 641 4496 iis
659 4441 798 4510 colligunt,
822 4442 874 4495 hac
892 4441 1018 4509 pactione
1035 4457 1105 4510 quae
1128 4441 1204 4495 brevi
1222 4444 1285 4494 ante
1301 4439 1427 4507 pactione

123 4526 282 4586 constituta
300 4543 350 4580 nec
368 4532 464 4595 postca
481 4528 589 4582 sublata
606 4544 657 4581 nec
674 4533 779 4582 mutata
797 4534 873 4582 erant
891 4529 926 4581 ab
945 4527 1045 4581 eisdem
1062 4527 1159 4581 iterum
1178 4542 1210 4580 ac
1224 4527 1313 4579 denuo
1330 4525 1428 4578 consti-

123 4620 193 4671 tuta
211 4611 377 4668 arbitrantur
394 4627 459 4678 esse,
478 4613 580 4681 idquod
599 4613 747 4667 absurdum
766 4630 797 4666 ac
815 4613 959 4667 manifesto
977 4629 1133 4680 perversum
1151 4612 1217 4666 mihi
1233 4609 1348 4665 videtur.
