3330 5214
671 409 885 472 ..13-

219 580 291 644 Hoc
312 600 372 662 per
393 600 428 644 se
451 581 530 644 satis
553 582 691 644 constat.
734 579 802 644 Nec
828 580 936 644 minus
966 563 1138 658 constaret,
1169 580 1296 645 etiarnsi
1322 581 1423 645 verba

130 686 286 764 corrupta
316 684 426 767 ὁμοίως
457 684 491 748 δὲ
520 686 570 748 καὶ
594 677 761 768 Ἡρόδοτος
788 682 922 768 Θούριον,
955 702 1040 764 quae
1067 683 1154 764 apud
1183 681 1353 766 Suidam1)
1382 683 1423 747 de

131 785 264 850 Duridis
285 785 472 849 testimonio
494 785 668 864 adduntur,
689 785 789 867 plane
806 786 966 850 deessent.
1000 785 1226 866 Intellegemus
1242 805 1318 850 vero
1337 785 1423 850 idem

133 888 185 952 his
216 887 322 951 verbis
352 887 539 968 significari,
574 889 662 971 quod
693 889 733 952 de
763 889 892 953 Duridis
925 888 1112 953 testimonio
1146 888 1211 951 iam
1241 888 1423 966 statuimus,

137 990 190 1054 cui
211 990 324 1054 addita
353 989 426 1066 sint,
456 1009 498 1054 ne
526 989 619 1054 alteri
647 991 687 1054 de
713 991 821 1072 patria
843 991 988 1073 opinioni
1009 991 1043 1055 id
1065 992 1197 1055 obstare
1219 990 1302 1055 falso
1326 993 1422 1072 puta·

132 1097 231 1158 retur.
882 1111 885 1116 ·

221 1196 287 1261 Sed
303 1195 482 1272 videamus,
501 1214 582 1259 num
598 1215 633 1260 re
649 1215 726 1260 vera
743 1196 825 1260 haec
841 1197 1003 1261 sententia
1019 1197 1193 1261 verborum
1211 1197 1263 1274 sit,
1286 1217 1425 1279 quorum

135 1304 173 1364 ut
195 1300 403 1364 emendatam
423 1297 564 1363 formam
584 1318 828 1380 cognoscamus
855 1319 875 1363 a
901 1299 1069 1381 proposito
1092 1299 1218 1381 longius
1239 1300 1335 1364 nobis
1358 1301 1424 1365 dis-

137 1402 319 1466 cedendum
347 1403 405 1466 est.
455 1401 651 1483 Corruptum
680 1402 767 1466 enim
794 1402 903 1466 locum
936 1423 1007 1467 esse
1036 1403 1247 1467 manifestum
1269 1407 1328 1482 est,
1352 1423 1425 1468 cum

136 1505 322 1570 Herodotus
359 1503 440 1569 nihil
478 1524 618 1586 usquam
655 1505 697 1568 de
735 1504 934 1586 Panyasside
969 1505 1280 1570 commemoraverit.
1333 1507 1425 1585 Quae

136 1610 247 1672 autem
273 1606 316 1670 ad
342 1606 450 1671 locum
478 1607 720 1671 emendandum
741 1611 901 1690 temptata
923 1611 1007 1684 sunt,
1034 1608 1167 1689 probari
1188 1627 1257 1672 non
1277 1613 1424 1690 possunt.

137 1707 372 1793 Tzschirneri2)
410 1709 497 1774 enim
530 1710 729 1786 coniectura,
763 1711 818 1792 qui
850 1711 950 1774 verba
983 1712 1094 1796 ὁμοίως
1126 1715 1174 1776 καὶ
1207 1711 1423 1799 Νυμφόδωρος,

140 1813 263 1897 Θούριον
294 1813 328 1877 δέ
359 1813 455 1877 scribi
483 1813 595 1890 voluit,
627 1812 805 1877 mirabilior
838 1815 888 1876 est
920 1833 1020 1894 quam
1048 1817 1085 1878 ut
1113 1813 1241 1894 placere
1275 1815 1427 1896 cuiquam

137 1915 288 1998 potuerit.
316 1915 430 1996 Neque
449 1918 560 1981 autem
575 1915 780 1996 Wesselingii
797 1915 904 1993 lecti0,
924 1936 1022 1998 quam
1041 1936 1128 1980 nunc
1148 1936 1262 1981 omnes
1284 1937 1427 1999 sequun-

136 2023 200 2096 tur,
225 2018 358 2100 probari
384 2018 492 2096 debet,
520 2013 708 2100 quanquam
730 2018 872 2083 dubitari
893 2037 960 2083 non
981 2022 1091 2100 potest
1113 2019 1191 2100 quin
1213 2019 1319 2084 forma
1336 2016 1427 2105 ‘de-

137 2127 223 2188 δοτον
249 2123 293 2186 ab
323 2141 363 2185 eo
393 2125 480 2186 recte
509 2121 659 2185 restituta
689 2121 740 2186 sit.
783 2120 869 2185 Nam
897 2121 924 2184 si
946 2117 1112 2206 Ἡρόδοτος
1134 2121 1240 2208 lomna
1262 2121 1345 2186 falsa
1367 2127 1427 2201 est,

131 2221 299 2311 Ἡρόδοτον
321 2224 464 2289 formam
485 2223 581 2288 scribi
601 2243 736 2289 necesse
759 2227 817 2302 est,
840 2243 884 2288 ne
904 2225 994 2288 omni
1016 2225 1177 2289 sententia
1199 2225 1289 2289 locus
1307 2231 1426 2290 careat.

138 2328 202 2407 Qui
224 2328 284 2392 etsi
304 2329 431 2393 mutato
453 2327 517 2391 hoc
537 2328 638 2392 verbo
662 2330 824 2392 correctus
845 2331 903 2405 est,
925 2331 1038 2392 tamen
1055 2328 1251 2409 depravatus
1271 2348 1342 2393 esse
1359 2347 1426 2392 non

137 2431 265 2496 desinit.
315 2431 447 2495 Nullam
486 2431 572 2494 enim
610 2431 806 2495 sententiam
838 2430 994 2507 admittit,
1035 2450 1119 2512 quae
1150 2431 1285 2512 probari
1319 2435 1426 2512 queat,

137 2535 285 2616 quamvis
310 2553 430 2614 magna
458 2534 645 2612 subtilitate,
668 2537 704 2598 ut
725 2533 931 2615 probabilem
953 2533 1097 2614 aliquam
1118 2533 1319 2614 indagarent,
1342 2553 1426 2597 non-

138 2638 217 2703 nulli
238 2638 289 2702 usi
311 2637 385 2701 sint.

222 2753 394 2840 Heysius3)
423 2756 511 2821 enim
539 2757 640 2821 Durin
668 2756 837 2830 Herodoto
868 2773 985 2835 parum
1018 2757 1167 2818 accurate
1196 2755 1317 2820 Thurio
1351 2775 1426 2838 cog-

138 2880 260 2925 nomen
281 2860 437 2926 indidisse
460 2859 608 2942 opinans,
631 2859 720 2940 quod
741 2857 928 2921 Herodotus
947 2875 1014 2920 non
1032 2856 1183 2934 Thurius,
1206 2859 1265 2922 sed
1284 2879 1305 2922 a
1322 2859 1428 2939 patria

140 2963 406 3028 Halicarnasseus
433 2962 646 3044 appellandus
670 2964 765 3038 esset,
787 2960 888 3024 verba
910 2960 1021 3041 ὁμοίως
1044 2961 1077 3023 δὲ
1099 2961 1150 3024 καὶ
1166 2955 1332 3045 Ἡρόδοτον
1355 2961 1429 3026 Θοό·

141 3092 201 3153 ριον
234 3066 309 3130 ideo
342 3066 456 3130 addita
489 3085 559 3130 esse
591 3064 767 3129 arbitratus
801 3065 864 3140 est,
902 3081 943 3126 ne
980 3060 1075 3127 ullius
1108 3063 1266 3128 momenti
1299 3063 1428 3127 Duridis

137 3169 361 3234 testimonium
390 3188 461 3234 esse
488 3169 661 3233 videretur.
718 3166 815 3243 Quod
843 3185 884 3228 ne
914 3167 1020 3229 totum
1050 3169 1136 3229 esset
1165 3165 1428 3245 improbandum,

138 3270 306 3356 Stollius‘l)
337 3271 435 3336 aliam
461 3271 549 3356 ¹iriam
575 3271 738 3352 ingressus
765 3271 815 3334 est
843 3269 889 3331 sic
916 3268 983 3332 fere
1011 3271 1171 3332 statuens:
1205 3267 1307 3331 Durin
1334 3267 1429 3331 simili

141 3375 241 3440 modo
264 3376 305 3439 de
326 3374 486 3440 Herodoti
508 3385 546 3460 ac
567 3371 774 3454 Panyassidis
796 3370 904 3452 patria
925 3371 1025 3435 verba
1046 3370 1171 3435 fecisse.
1213 3370 1298 3449 Quia
1319 3373 1429 3436 autem

141 3477 346 3542 Herodotum
368 3477 526 3541 Thurium
549 3475 756 3558 appellasset,
781 3492 857 3536 eum
877 3473 953 3536 inde
976 3491 1158 3554 cognomen
1180 3473 1313 3554 cepisse,
1341 3474 1430 3554 quod

137 3580 267 3644 Thuriis
302 3580 356 3643 ille
395 3580 592 3644 domicilium
625 3577 825 3642 collocasset.
869 3575 917 3639 Ex
944 3593 1010 3657 quo
1038 3574 1179 3655 intellegi
1205 3574 1430 3656 Panyassina

136 3683 259 3747 Duride
287 3682 434 3748 Samium
464 3682 663 3764 appellatum
691 3699 777 3757 esse,
806 3697 874 3742 non
900 3679 989 3760 quod
1015 3679 1106 3744 Sami
1133 3679 1229 3742 natus
1253 3680 1347 3754 esset,
1371 3677 1429 3741 sed

137 3787 216 3868 quia
237 3785 357 3850 diutius
380 3785 425 3849 ibi
448 3785 597 3866 degisset.

225 3905 297 3970 Hae
326 3905 506 3988 opiniones,
535 3904 682 3986 quamvis
709 3904 792 3968 inter
817 3923 853 3967 se
883 3903 1043 3978 differant,
1068 3901 1185 3965 eodem
1208 3917 1316 3963 errore
1339 3901 1430 3962 ortae

139 4011 225 4073 sunt.
269 4007 408 4090 Heysius
430 4009 527 4087 enim,
550 4027 625 4071 cum
646 4005 815 4071 Herodoto
838 4005 926 4088 apud
953 4009 1079 4069 veteres
1101 4022 1201 4083 saepe
1226 4000 1349 4065 Thurio
1374 4019 1429 4064 co-

227 4263 248 4331 l)
276 4263 412 4329 Πανύασις,
430 4261 596 4336 Πολυάρχου,
609 4256 824 4330 εΑὶιιιιοιρνοιοσιὺς
843 4300 850 4315 .
870 4300 876 4314 .
894 4299 902 4315 .
920 4300 927 4314 .
947 4301 953 4313 .
973 4256 1087 4329 ,Δοῦρις
1107 4257 1134 4311 δὲ
1145 4222 1287 4317 ΙΔιοιιὶιέοιις
1304 4275 1332 4309 τε
1350 4225 1430 4311 italio

140 4351 268 4421 όνόγραψι
287 4352 331 4404 καὶ
348 4348 454 4418 Σάμιον·
472 4348 568 4416 ὁμοίως
585 4349 613 4401 ol
631 4349 675 4402 καὶ
688 4345 831 4419 Ἡρόδοτος
848 4343 966 4414 Θοόριον.

226 4435 249 4504 ²)
276 4436 294 4490 l.
312 4452 335 4489 c.
352 4452 378 4504 p.
398 4436 439 4488 11.

225 4519 249 4587 3)
276 4520 305 4576 C.
323 4521 354 4575 G.
372 4521 402 4574 L.
419 4521 515 4588 Heyse,
533 4519 706 4588 quaestiones
723 4520 900 4584 Herodoteae,
919 4517 1008 4571 Berol.
1028 4487 1101 4570 1827.
1128 4533 1154 4584 p.
1174 4517 1214 4569 16.
1235 4515 1275 4570 17.

226 4605 249 4678 ⁴)
277 4606 404 4661 Zeitschr.
423 4607 441 4659 f.
458 4604 762 4660 Alterlumswissenseh.
796 4605 882 4658 Halae
900 4605 962 4658 Sax.
983 4603 1056 4655 1844.
1075 4619 1100 4670 p.
1118 4602 1171 4654 450
1183 4617 1257 4668 seqq.
