3330 5214
626 422 839 486 -31..

85 593 176 674 quod
199 593 362 674 cognitum
384 593 481 658 fuisse
503 593 630 672 scimus,
653 612 727 657 curn
750 593 841 674 epico
864 593 969 658 minor
987 593 1069 658 alter
1085 594 1255 676 Panyassis
1272 594 1379 658 nomi-

84 699 192 760 netur.
228 696 348 760 Contra
370 697 434 761 hoc
454 696 635 774 discrimen,
653 715 725 760 cum
744 695 785 760 de
801 695 882 778 epici
900 698 1007 761 aetate
1022 695 1243 760 testimonium
1262 696 1381 777 duplex

20 800 21 856 l
84 799 224 863 relatum
242 800 292 876 sit,
315 799 440 881 neglegi
462 798 577 880 potuit,
600 798 626 862 si
648 799 682 862 in
704 799 841 863 alterum
864 798 1084 863 testimonium
1108 798 1176 862 eius
1198 799 1253 880 qui
1274 799 1381 864 minor

20 884 21 942 l
84 901 148 966 fuit
176 905 267 966 aetas
296 901 517 967 conveniebat.
570 901 703 966 Confusi
730 902 824 984 igitur
852 903 877 967 si
900 901 944 965 illi
970 902 1055 966 hanc
1076 902 1150 964 sunt
1173 901 1216 964 ob
1239 919 1380 979 causam,

85 1004 288 1068 somniorum
303 1004 493 1087 scriptorem
509 1008 545 1067 ut
566 1004 726 1070 minorem
742 1010 871 1086 oportet
894 1005 1010 1069 eodem
1032 993 1180 1084 tempore
1200 1002 1325 1081 vixisse,
1347 1004 1381 1067 in

85 1125 152 1188 quo
174 1107 282 1189 epicus
300 1107 381 1171 falso
399 1106 522 1188 positus
546 1109 603 1170 est.
638 1107 745 1186 Quare
762 1107 938 1190 Panyassin
959 1105 1116 1170 minorem
1139 1106 1309 1187 probabile
1332 1111 1381 1171 est

84 1211 118 1274 in
131 1209 247 1274 Dioclis
258 1209 325 1273 filio
337 1210 447 1286 latere,
459 1228 557 1290 quem
568 1209 663 1274 Duris
675 1229 748 1275 cum
759 1209 954 1293 Panyasside
965 1209 1135 1290 Polyarchi
1146 1209 1211 1273 filio
1224 1209 1379 1274 confudit.

19 1289 20 1306 ¹
173 1313 217 1377 At
251 1313 336 1377 enim
370 1312 552 1376 exscribens
585 1332 682 1378 nemo
716 1314 843 1378 videtur
877 1332 933 1377 eos
967 1312 1160 1391 confudisse,
1194 1312 1248 1393 qui
1277 1313 1380 1376 multo

18 1385 20 1506 1
84 1413 194 1495 potius
219 1414 390 1479 videantur
416 1414 480 1478 iam
508 1415 688 1496 antiquiore
719 1419 866 1498 tempore
895 1415 954 1480 viri
984 1416 1071 1480 docti
1099 1415 1231 1480 alicuius
1261 1435 1300 1480 61
1330 1416 1379 1479 111-

89 1517 176 1581 dicio
198 1520 231 1580 at
254 1537 296 1582 ue
371 1519 584 1582 oecnfusi.
662 1519 669 1534 '
827 1520 834 1533 ‘
891 1543 922 1583 τε
943 1519 1073 1584 arcuata
1126 1518 1259 1582 verbum
1339 1519 1383 1582 od

18 1547 20 1620 l
84 1537 457 1702 Η66161111ᾳ1611111111111116
468 1520 725 1687 (11116016111ᾚΠ1111
727 1539 939 1707 llereplllltplracp
949 1622 1050 1689 verbo
1073 1543 1234 1686 iedditum
1258 1537 1379 1702 hoglo-

84 1723 242 1800 ven'nrus,
273 1742 342 1787 non
370 1723 412 1788 ad
442 1743 551 1788 serum
580 1723 770 1805 scriptorem
798 1725 925 1790 videtur
957 1724 1072 1789 redire.
1127 1724 1260 1789 Accedit
1292 1744 1379 1802 vero,

85 1827 177 1907 quod
199 1826 357 1907 opinionis
379 1827 461 1890 illius
483 1846 664 1908 perversae,
687 1845 770 1908 quae
789 1828 830 1891 de
848 1828 928 1909 epici
946 1829 1052 1891 aetate
1072 1825 1140 1904 fuit,
1160 1827 1274 1890 ultima
1290 1828 1380 1909 origo

85 1928 148 1992 nisi
171 1949 188 1993 e
210 1929 338 1993 duobus
359 1929 608 2012 Panyassidibus
630 1930 770 1994 confusis
788 1930 929 2012 intellegi
948 1949 1015 1994 non
1033 1932 1162 2010 potesta
1176 1929 1380 2011 ,Quanquam

87 2031 176 2095 enim
204 2031 388 2097 etiamnunc
412 2032 617 2114 perspicuum
646 2036 695 2097 est
722 2036 895 2114 propterea
922 2034 963 2097 ol.
987 2033 1029 2096 88
1052 2032 1210 2097 delectam
1234 2052 1318 2109 esse,
1347 2033 1381 2097 in

86 2152 154 2215 qua
182 2135 243 2198 ilos
265 2133 468 2217 Panyassidis
497 2135 578 2215 epici
607 2139 795 2216 poneretur,
835 2137 924 2216 quod
949 2136 1036 2200 idem
1066 2134 1206 2200 Choerili
1238 2135 1381 2216 aequalis
1507 2153 1510 2160 '

85 2237 336 2318 Antimachique
365 2237 517 2318 magister
543 2238 626 2302 falso
654 2239 843 2319 putabatur,
872 2241 983 2303 tamen
1015 2239 1236 2318 quaerendum
1268 2242 1380 2316 restat,

15 2379 16 2414 ,
86 2339 175 2404 unde
196 2339 248 2404 hic
271 2360 359 2405 error
382 2342 471 2404 ortus
493 2341 543 2404 sit.
585 2340 683 2405 Cuius
706 2339 822 2405 erroris
843 2341 913 2405 sola
935 2341 1066 2422 quidem
1089 2359 1186 2405 causa
1206 2341 1380 2405 ludibrium

15 2417 16 2466 l
85 2443 170 2507 illius
201 2443 383 2508 fabularum
416 2443 592 2524 scriptoris,
627 2443 682 2523 qui
714 2442 944 2508 Antimachum
965 2443 1167 2527 Panyassidis
1200 2444 1381 2512 ministrum

14 2560 16 2618 ι
86 2545 222 2623 induxit,
245 2547 343 2610 fuisse
367 2564 434 2609 non
459 2548 578 2627 potest.
623 2545 662 2609 Et
684 2546 839 2626 quoniam
860 2547 964 2623 Duris,
993 2547 1080 2612 cuius
1102 2547 1135 2609 in
1157 2549 1306 2626 tempora
1327 2545 1380 2610 ille

14 2709 16 2764 ν
87 2667 179 2714 61161
200 2649 359 2726 convenit,
382 2649 450 2730 ipse
472 2649 650 2730 Panyassin
671 2649 839 2731 Polyarchi
861 2649 961 2712 filium
985 2668 1058 2712 cum
1079 2649 1196 2712 Dioclis
1215 2648 1281 2712 filio
1301 2668 1379 2713 con-

14 2773 15 2842 i
86 2752 179 2829 fudit,
202 2751 288 2816 idem
309 2751 436 2816 videtur
458 2751 584 2833 epicum
607 2755 639 2815 et
660 2751 861 2815 somniorum
883 2751 1071 2833 scriptorem
1090 2751 1283 2815 confudisse.
1336 2751 1380 2815 Ut

87 2855 173 2919 enim
205 2853 366 2932 Samium,
404 2871 471 2919 non
500 2854 778 2919 Halicarnasseum
808 2854 903 2918 Duris
931 2853 1049 2918 Dioclis
1085 2853 1186 2916 filium
1224 2854 1380 2930 nominet,

87 2958 190 3021 altero
202 2957 295 3021 huius
307 2957 472 3038 scriptoris
492 2975 600 3021 errore
614 2957 807 3034 factumest,
826 2975 924 3038 quem
935 2955 995 3037 ipsi
1005 2958 1130 3020 veteres
1143 2956 1379 3020 intellexerunt.

87 3061 170 3124 Nam
200 3059 316 3124 additis
342 3058 448 3123 verbis
480 3061 590 3144 ὁμοίως
624 3062 657 3124 δὲ
690 3062 739 3124 καὶ
771 3059 936 3145 Ἡρόδοτον
969 3063 1018 3124 τὸν
1053 3060 1177 3143 Θούριον
1210 3058 1381 3141 Panyassis

14 3181 15 3194 ¹
87 3162 204 3227 Dioclis
225 3160 309 3225 filius
331 3162 427 3242 plane
449 3161 712 3226 Halicarnasseus
734 3162 902 3239 indicatur,
932 3166 967 3225 ut
991 3163 1031 3226 de
1053 3162 1157 3243 patria
1180 3162 1380 3226 somniorum

88 3265 259 3345 scriptoriS,
286 3285 383 3345 quern
410 3267 510 3328 testes
538 3284 651 3329 omnes
674 3265 955 3329 Halicarnasseum
977 3265 1150 3347 appellent,
1173 3264 1262 3328 nulla
1284 3264 1379 3328 dubi-

87 3367 167 3431 tatio
189 3367 287 3432 fuisse
308 3370 425 3448 potest.
463 3366 625 3444 Quoniam
646 3371 757 3432 autem
780 3369 821 3432 de
844 3369 924 3450 epici
947 3372 1054 3433 aetate
1077 3369 1158 3432 falsa
1177 3367 1285 3449 opinio
1309 3367 1379 3444 fuit,

89 3490 127 3534 ex
150 3487 214 3551 qua
236 3470 289 3534 1116
311 3470 344 3534 in
372 3474 520 3552 tempore
550 3470 728 3552 posteriore
750 3474 939 3552 poneretur,
969 3471 1140 3554 Panyassis
1169 3471 1276 3536 minor
1306 3489 1380 3534 cum

87 3571 284 3655 Panyasside
307 3574 399 3656 epico
421 3574 455 3637 in
477 3594 578 3638 unum
601 3574 791 3637 coniunctus
813 3573 961 3655 illiusque
984 3578 1075 3638 aetas
1103 3575 1136 3637 in
1162 3574 1250 3638 hunc
1271 3577 1379 3636 trans-

87 3675 154 3740 lata
168 3676 297 3740 videtur
316 3676 491 3758 aliquando
507 3677 616 3742 fuisse.
646 3675 791 3757 Denique
809 3696 887 3742 vero
907 3677 975 3741 sine
993 3677 1058 3741 ulla
1077 3676 1265 3740 difficultate
1285 3675 1379 3738 intel-

88 3777 209 3858 legitur,
224 3779 499 3859 quamobcausam
515 3779 715 3844 somniorum
732 3779 876 3860 scriptor,
888 3780 915 3844 si
930 3780 1068 3856 suerunt,
1085 3779 1139 3860 qui
1156 3778 1286 3843 consilio
1304 3797 1379 3844 eum

90 3898 161 3943 curn
181 3879 273 3962 epico
292 3881 530 3963 coniungerent,
554 3884 596 3947 ab
619 3883 682 3946 hoc
705 3882 879 3946 disiunctus
902 3883 951 3946 sit.
984 3883 1070 3946 Dum
1093 3881 1179 3948 enim
1200 3881 1279 3944 nihil
1299 3884 1378 3957 erat,

90 4000 144 4045 cur
164 3982 245 4047 liber
266 3983 466 4048 somniorum
487 4003 507 4048 a
529 3984 724 4067 Panyasside
748 3984 839 4065 epico
862 3985 1094 4049 abiudicandus
1115 3984 1287 4061 videretur,
1310 3983 1379 4048 fieri

89 4088 232 4164 poterat,
258 4087 294 4150 ut
318 4087 415 4151 etiam
437 4087 471 4164 ii,
504 4088 558 4168 qui
588 4087 671 4151 illius
701 4088 816 4152 florem
839 4087 1033 4168 quibusdam
1056 4106 1074 4150 6
1096 4086 1289 4150 testimoniis
1312 4105 1380 4149 non

90 4187 130 4250 ol.
153 4191 209 4267 88,
240 4189 298 4254 sed
319 4190 458 4271 tempori
480 4189 582 4254 multo
605 4190 761 4270 superiori
791 4188 1017 4253 ascribendum
1045 4188 1219 4265 sciverunt,
1251 4189 1378 4269 epicum

90 4308 127 4352 ac
147 4292 345 4356 somniorum
363 4293 571 4374 interpretem
590 4312 649 4374 pro
665 4311 732 4355 uno
748 4291 916 4368 haberent,
939 4311 984 4367 u,
1008 4291 1063 4372 qui
1079 4291 1166 4371 apud
1184 4291 1318 4355 Suidam
1338 4291 1379 4354 de

89 4391 291 4476 Panyassidis
307 4398 414 4460 aetate
431 4398 602 4475 utramque
619 4395 805 4475 opinionem
824 4394 932 4471 refert,
950 4413 1007 4457 eos
1025 4394 1058 4457 in
1074 4413 1174 4457 unum
1192 4393 1379 4458 coniunctos

89 4494 222 4576 reliquit.
245 4497 289 4560 At
300 4497 352 4562 ille
364 4498 445 4562 liber
456 4517 476 4561 a
486 4497 682 4579 Panyasside
695 4497 785 4584 epico
798 4497 998 4561 abiudicatus
1011 4499 1068 4560 est.
1092 4495 1153 4573 Qui
1166 4496 1252 4560 enim
1263 4495 1378 4559 minori

91 4613 161 4660 eum
178 4599 333 4678 attribuit,
353 4601 440 4664 idem
459 4599 549 4682 epico
568 4619 642 4664 eum
658 4600 788 4664 ademit.
819 4600 930 4679 Itaque
946 4599 1040 4663 simul
1056 4619 1094 4664 ac
1111 4599 1309 4664 somniorum
1327 4597 1379 4661 ille
