3330 5214
797 397 1008 462 „gp-

257 565 339 630 liber
349 585 416 630 non
431 566 521 647 epici,
539 568 597 632 sed
613 567 744 632 alterius
755 568 957 650 Panyassidis
967 569 1203 634 Halicamassei
1218 589 1287 634 esse
1302 569 1478 634 iudicatum
1493 574 1556 646 est,

257 668 348 732 aliter
363 668 431 733 fieri
442 688 509 734 non
521 671 636 751 potuit,
649 672 726 752 quin
737 671 809 735 libri
822 671 958 752 scriptor
969 671 1192 754 aPanyasside
1204 671 1295 753 epico
1308 673 1555 755 disiungeretur.

345 772 470 850 Quodsi
490 773 586 838 Duris
610 793 667 838 eos
690 774 856 850 confudit,
876 775 922 838 sic
944 795 1013 838 rem
1036 779 1178 840 statuere
1202 776 1369 853 debemus,
1399 781 1436 840 ut
1460 797 1556 840 som-

257 875 386 940 niorum
409 875 598 957 scriptorem
621 880 708 941 recte
730 876 925 942 disiunctum
948 878 990 942 ab
1012 879 1102 960 epico
1121 883 1283 960 putemus,
1306 883 1342 944 ut
1359 879 1442 944 liber
1460 900 1555 944 som-

256 978 384 1043 niorum
401 978 632 1060 aPanyasside
648 980 790 1060 quodam
803 979 1053 1045 Halicarnasson
1071 983 1208 1063 scriptus
1226 983 1279 1046 vel
1295 982 1424 1047 Duridis
1440 987 1556 1048 aetate

256 1081 308 1144 vel
325 1081 470 1145 eiusdem
489 1081 622 1146 arbitrio
639 1081 829 1163 Panyassidi
847 1083 938 1165 epico
957 1084 1131 1148 attributus
1153 1086 1203 1162 sit,
1228 1105 1301 1151 cum
1320 1085 1438 1150 minori
1455 1087 1557 1150 alicui

256 1183 481 1249 attribuendus
499 1189 594 1261 esset,
614 1188 649 1248 ut
667 1184 806 1265 denique
818 1185 856 1250 iis
873 1185 958 1250 hanc
973 1187 1079 1268 ipsam
1095 1188 1137 1251 ob
1152 1207 1284 1254 causam
1301 1189 1442 1254 confusis
1453 1189 1555 1254 Duris

256 1287 298 1351 de
326 1287 408 1368 epici
436 1290 544 1352 aetate
572 1306 611 1351 ac
639 1291 732 1369 patre
761 1289 923 1352 erraverit.
968 1290 1015 1354 Ex
1037 1310 1103 1372 quo
1131 1291 1326 1372 intellegitur
1347 1292 1553 1356 somniorum

255 1390 446 1471 scriptorem
465 1409 504 1454 eo
522 1393 669 1473 tempore
687 1391 813 1466 vixisse,
833 1392 865 1455 in
885 1411 949 1472 quo
964 1393 1060 1457 Duris
1077 1393 1160 1458 falso
1179 1395 1305 1476 epicum
1323 1395 1442 1476 posuit.
1464 1395 1554 1459 Vixit

254 1492 350 1573 igitur
371 1493 425 1557 ille
446 1493 648 1574 temporibus
671 1493 747 1557 belli
764 1493 1043 1576 Peloponnesiaci,
1066 1497 1184 1577 quibus
1206 1497 1407 1578 temporibus
1425 1500 1552 1562 somni-

255 1615 349 1660 orum
364 1595 465 1660 libros
483 1595 516 1659 in
532 1616 594 1659 usu
614 1595 713 1670 fuisse
733 1600 868 1660 constat.
903 1597 988 1662 Tum
1008 1599 1095 1662 enirn
1110 1598 1151 1663 de
1169 1600 1371 1664 somniorum
1389 1600 1552 1682 interpre-

254 1698 378 1762 tatione
386 1699 556 1779 Antiphon
569 1697 593 1781 ¹)
610 1698 743 1779 quidam
759 1699 878 1764 librum
896 1701 1031 1782 scripsit.
1065 1701 1113 1766 Ac
1129 1701 1380 1786 Lysimachus,²)
1396 1704 1552 1768 Aristidis

177 1801 182 1808 ’
255 1820 369 1884 nepoS,
393 1801 549 1865 eiusmodi
572 1801 690 1866 librum
712 1804 861 1884 quaestui
883 1803 1007 1869 habuit.

341 1904 416 1970 Sive
438 1903 533 1986 igitur
560 1905 770 1970 exscribentis
800 1905 933 1971 alicuius
964 1927 1073 1973 errore
1103 1909 1170 1972 sive
1192 1909 1321 1974 Duridis
1349 1909 1394 1974 illi
1422 1911 1551 1976 confusi

254 2010 339 2085 sunt,
363 2027 402 2072 ex
424 2011 561 2088 utraque
584 2007 737 2089 opinione
759 2009 962 2074 somniorum
984 2011 1121 2092 scriptor
1144 2012 1186 2076 ab
1204 2012 1294 2094 epico
1314 2013 1550 2095 disiungendus

131 2127 133 2134 ·
254 2130 292 2174 ac
320 2111 441 2174 florens
470 2112 641 2191 ponendus
672 2115 721 2176 est
750 2111 784 2174 in
816 2112 923 2192 priore
953 2118 1046 2194 parte
1074 2115 1153 2179 belli
1180 2115 1459 2196 Peloponnesiaci.
1503 2118 1550 2182 At

254 2233 338 2294 quae
366 2213 425 2277 fuit
455 2214 496 2278 de
518 2212 726 2294 Panyassidis
757 2214 838 2294 epici
867 2218 975 2279 aetate
1003 2217 1161 2282 dissensio
1184 2217 1330 2299 pluribus
1351 2219 1550 2284 testimoniis

257 2319 384 2380 constat
406 2335 503 2397 quam
531 2319 567 2379 ut
590 2316 777 2396 cuiusquam
801 2317 1011 2382 exscribentis
1034 2319 1135 2383 errori
1157 2320 1253 2384 tribui
1276 2321 1388 2402 possit.
1432 2323 1550 2404 Neque

253 2419 348 2499 igitur
359 2419 537 2500 quidquam
547 2419 705 2493 videmus
718 2419 806 2499 quod
823 2419 897 2484 huic
909 2420 950 2484 de
960 2421 1081 2486 Duride
1093 2423 1365 2504 argumentationi
1376 2431 1548 2506 repugnet.

340 2521 432 2599 Quae
455 2541 528 2585 cum
550 2521 596 2586 ita
619 2522 693 2599 sint,
711 2541 779 2585 non
796 2521 931 2588 dubium
949 2523 1085 2602 videtur,
1108 2526 1186 2606 quid
1204 2524 1245 2594 de
1262 2545 1375 2591 eorum
1392 2528 1549 2608 opinione

253 2624 461 2688 iudicandum
477 2623 528 2701 sit,
551 2624 606 2705 qui
627 2625 833 2690 Herodotum
852 2626 999 2691 arbitrati
1016 2632 1091 2692 sunt
1110 2628 1153 2694 ad
1171 2628 1290 2692 mirum
1306 2629 1385 2694 illud
1401 2630 1548 2712 prodigi-

253 2745 346 2791 orum
362 2731 394 2790 et
412 2727 617 2792 oraculorum
629 2728 781 2805 studium,
794 2729 882 2808 quod
898 2729 931 2792 in
947 2729 1015 2794 eius
1026 2730 1213 2794 narratione
1223 2731 1425 2812 perspicitur,
1437 2732 1548 2815 Pany-

253 2830 368 2894 assidis
385 2831 514 2911 cognati
529 2830 678 2911 exemplo
697 2830 872 2894 excitatum
888 2850 968 2895 esse.
1002 2832 1063 2897 Hic
1080 2833 1167 2897 enim
1181 2834 1403 2915 prodigiorum
1421 2837 1548 2916 peritus

252 2932 325 2995 duci
359 2933 428 3013 ipse
458 2933 524 2996 iam
549 2952 616 2997 non
641 2936 760 3014 potest.
819 2932 992 3015 Panyassis
1028 2939 1138 2999 autem
1173 2936 1372 3000 somniorum
1408 2939 1549 3020 scriptor

252 3054 319 3098 non
349 3035 453 3100 solum
485 3036 587 3116 epico,
617 3036 676 3100 sed
705 3036 804 3100 etiam
825 3036 994 3101 Herodoto
1024 3037 1130 3102 minor
1157 3037 1226 3103 fuit.
1275 3038 1427 3103 Neutrius
1449 3041 1549 3122 igitur

251 3137 316 3202 ulla
338 3138 420 3202 ratio
443 3138 538 3202 nobis
560 3138 714 3202 habenda
736 3143 785 3203 est
807 3139 1061 3220 inquirentibus,
1084 3158 1168 3221 quae
1190 3140 1274 3204 illius
1302 3141 1400 3206 studii
1426 3163 1548 3210 causae

251 3239 380 3318 fuerint,
403 3260 469 3321 qua
488 3261 524 3304 re
545 3241 751 3321 potissimum
775 3241 903 3307 excitati
925 3243 968 3306 ad
989 3242 1074 3307 hanc
1096 3243 1322 3323 quaestionem
1345 3246 1547 3312 devenimus.

338 3341 417 3419 Quis
450 3342 667 3424 Panyassides
702 3343 855 3407 confusos
896 3344 1090 3422 distinxerit,
1132 3346 1289 3410 incertum
1322 3347 1546 3429 relinquimus,

251 3463 438 3524 quanquam
467 3445 508 3508 de
535 3466 574 3510 eo
602 3446 855 3527 haudquaquam
879 3447 989 3512 omnia
1010 3448 1179 3522 nescimus.
1228 3448 1391 3526 Quoniam
1414 3452 1500 3522 enim
1525 3474 1547 3517 a

250 3546 370 3610 Duride
400 3547 472 3610 illos
502 3550 655 3614 confusos
684 3549 903 3630 cognovimus
935 3550 991 3630 qui
1019 3550 1198 3632 Panyassin
1228 3553 1354 3633 epicum
1385 3554 1546 3632 Samium,

251 3650 373 3713 Dioclis
388 3650 499 3728 filium,
523 3651 564 3714 ol.
582 3651 622 3715 78
641 3657 756 3716 natum
772 3653 942 3732 putaverit,
966 3652 1008 3716 ab
1026 3653 1116 3736 epico
1133 3655 1334 3718 somniomm
1352 3657 1547 3737 scriptorem

251 3752 434 3816 distinxisse
460 3772 557 3817 nemo
587 3758 695 3835 potest
720 3754 783 3818 nisi
814 3755 869 3835 qui
890 3754 1070 3836 Panyassin
1098 3757 1225 3836 epicum
1247 3757 1544 3836 Halicarnasseum,

196 3894 198 3898 .
250 3854 417 3936 Polyarchi
429 3855 541 3932 filium,
557 3856 633 3920 belli
644 3856 763 3921 Persici
777 3858 957 3938 aequalem,
970 3877 990 3921 a
1002 3857 1198 3939 Lygdamide
1209 3865 1371 3938 necatum,
1382 3860 1547 3926 Herodoti

251 3961 425 4038 cognatum
455 3979 525 4022 esse
556 3959 656 4023 scivit.
702 3960 749 4024 Ex
771 3979 835 4041 quo
858 3960 1053 4041 intellegitur
1081 3961 1172 4025 illum
1194 3966 1270 4043 post
1290 3962 1391 4027 Durin
1413 3964 1544 4029 vixisse.

250 4061 298 4124 Ac
324 4061 418 4142 plura
448 4062 489 4126 de
520 4081 559 4125 eo
591 4062 718 4125 scimus.
774 4062 865 4126 ldem
899 4064 986 4126 enim
1019 4067 1074 4127 aut
1108 4067 1311 4144 compertum
1340 4065 1456 4129 habuit
1486 4072 1547 4131 aut

250 4163 485 4228 demonstravit
506 4165 685 4246 Panyassin
707 4164 813 4243 illurn,
841 4166 896 4246 qui
919 4167 960 4231 de
983 4166 1116 4230 somniis
1139 4166 1258 4230 libmm
1280 4166 1421 4246 scripsit,
1449 4167 1546 4231 Hali-

250 4284 458 4330 carnasseum
485 4267 598 4343 fuisse,
614 4299 617 4304 ·
631 4266 717 4330 idem
749 4268 835 4332 hunc
862 4268 980 4332 librum
1003 4289 1023 4333 a
1045 4268 1243 4350 Panyasside
1271 4269 1362 4349 epico
1385 4268 1548 4351 scriptum

250 4386 321 4430 esse
343 4369 483 4448 negavit,
506 4371 593 4434 idem
615 4370 710 4433 huius
732 4371 848 4434 florem
871 4371 911 4434 ol.
933 4371 972 4433 75
997 4371 1155 4451 ascripsit,
1178 4372 1269 4435 illum
1290 4372 1324 4435 in
1345 4370 1421 4435 belli
1444 4373 1547 4438 Pelo-

337 4504 358 4572 l)
385 4505 575 4574 Hermogenes,
595 4507 627 4559 de
646 4510 713 4559 orat.
731 4506 776 4574 fig.
794 4507 827 4560 ΙΙ,
849 4509 894 4565 ll.
907 4524 933 4575 p.
952 4507 1002 4560 387
1022 4507 1106 4560 Walz.
1125 4536 1158 4544 -
1177 4507 1252 4576 Diog.
1272 4508 1358 4561 Laert.
1377 4508 1410 4561 ΙΙ.
1429 4509 1473 4562 to.

334 4589 358 4657 ²)
387 4590 455 4645 Plut.
473 4591 553 4644 Arist.
571 4592 613 4644 27.
