3330 5214
686 435 898 498 -23-

137 606 326 670 communis
351 605 441 687 origo
466 609 524 682 est,
547 606 593 671 ita
614 606 736 687 pariter
758 625 872 670 omnes
895 609 1038 671 aetatem
1056 605 1263 688 Panyassidis
1285 606 1439 685 indicant,

137 727 242 791 quem
271 728 386 773 onmes
413 708 552 773 doceant
581 708 614 772 in
637 712 745 772 aetate
767 709 911 789 positum
933 709 1009 773 belli
1031 709 1307 790 Peloponnesiaci.
1352 709 1439 773 Con·

138 813 230 876 fecto
254 812 341 876 enim
366 811 429 876 hoc
449 811 537 876 bello
554 811 769 876 Antimachus
792 815 900 876 aetate
921 812 1040 888 tlcmit,
1062 811 1159 875 laude
1177 811 1286 875 floruit
1302 811 1439 877 Stesim-

137 915 258 978 brotus
291 914 388 977 huius
421 913 499 978 belli
531 914 631 977 initio.
694 914 761 978 Nec
798 914 958 978 dissensio
991 911 1119 978 videtur
1150 913 1218 978 nlla
1250 913 1292 977 de
1326 933 1439 978 eorum

138 1016 306 1079 aetatibus
337 1016 446 1094 fuisse,
477 1016 519 1080 de
548 1017 665 1098 quibus
698 1035 783 1097 quae
811 1017 908 1080 nobis
937 1017 1108 1081 traduntur
1139 1016 1261 1098 optime
1291 1016 1374 1081 inter
1404 1037 1439 1081 se

139 1118 316 1199 quadrant.

230 1221 267 1284 ld
293 1225 330 1285 ut
359 1221 400 1285 dc
422 1221 608 1286 Antimachi
638 1225 747 1286 aetate
777 1222 1049 1298 demonstremus,
1079 1222 1247 1286 exordium
1275 1221 1439 1287 aSuidae

138 1323 252 1388 verbis
268 1324 436 1401 sumimus
456 1343 578 1405 quaes.
591 1345 620 1388 v.
633 1324 819 1388 Antimachi
836 1325 1000 1405 leguntur:
1022 1325 1125 1407 γέγονε
1142 1327 1176 1389 δὲ
1191 1328 1248 1409 πρὸ
1266 1322 1437 1397 Πλάτωνος.

137 1427 193 1491 Ea
221 1426 304 1492 falso
333 1427 605 1508 intellegerentur,
638 1426 665 1490 si
694 1426 766 1507 quis
796 1446 835 1490 ex
864 1427 903 1490 iis
932 1427 1011 1508 ipsis
1046 1427 1277 1492 documentum
1307 1447 1440 1492 sumens

137 1529 377 1593 Antimachum
400 1532 477 1593 ante
498 1529 643 1594 Platonis
667 1531 811 1592 aetatem
832 1528 950 1593 vixisse
972 1529 1190 1594 arbitraretur.
1228 1529 1314 1594 Nam
1336 1531 1439 1613 γέγονε

137 1633 290 1709 verbum,
325 1647 398 1696 cum
432 1632 520 1713 apud
547 1632 684 1697 Suidam
712 1631 753 1695 de
781 1634 890 1695 aetate
919 1631 999 1694 nihil
1025 1632 1165 1712 amplius
1194 1633 1351 1714 significet
1376 1634 1439 1697 nisi

137 1735 259 1798 haberi
287 1734 430 1815 aliquem
458 1737 607 1815 tempore
638 1735 783 1815 quodam
812 1735 880 1799 sive
905 1737 1020 1799 natum
1049 1735 1117 1798 sive
1139 1738 1246 1799 aetate
1268 1736 1440 1800 florentem

138 1839 214 1901 sive
243 1837 375 1901 omnino
405 1837 586 1919 aequalem,
600 1837 624 1921 ¹)
652 1837 696 1902 ad
724 1841 830 1902 totam
859 1841 1002 1901 aetatem
1029 1856 1097 1902 non
1124 1841 1258 1919 spectat.
1303 1839 1438 1902 Etiamsi

138 1943 255 2004 autem
278 1939 341 2003 hoc
363 1939 500 2004 verbum
522 1939 620 2021 plane
642 1940 842 2022 neglegimus
869 1939 959 2004 haud
981 1941 1119 2004 scientes
1141 1961 1185 2005 an
1206 1941 1373 2021 quondam
1396 1942 1439 2005 ad

139 2042 338 2124 olympiadis
361 2061 534 2106 numerum
556 2062 643 2107 nunc
665 2044 823 2107 omissum
844 2037 1046 2125 pertinuerit,¹
1067 2046 1178 2111 tamen
1200 2043 1280 2107 nihil
1294 2044 1439 2124 postulat

137 2150 180 2211 ut
203 2145 246 2208 ad
267 2147 372 2208 totam
388 2144 534 2209 Platonis
557 2149 699 2210 aetatem
720 2147 821 2210 verba
844 2150 900 2231 πρὸ
923 2143 1119 2223 Πλάτωνοςῖ)
1142 2145 1331 2224 referamne,
1355 2166 1440 2228 quae
1466 2229 1472 2234 Ι

138 2250 245 2312 immo
273 2247 355 2310 nihil
383 2247 471 2312 aliud
498 2249 560 2312 sibi
581 2249 694 2314 volunt
716 2249 778 2314 nisi
799 2249 1030 2313 Antimachum
1053 2251 1160 2313 aetate
1182 2248 1281 2312 luisse
1303 2248 1441 2313 Platone

139 2347 393 2433 superiorem.³)
427 2350 491 2428 Qui
507 2351 594 2415 enim
612 2356 668 2436 πρὸ
688 2349 847 2424 Πλάτωνος
863 2352 934 2429 fuit,
950 2352 1092 2416 eundem
1106 2351 1251 2415 Platonis
1268 2350 1440 2431 aequalem

138 2454 245 2518 fuisse
266 2473 365 2534 posse
387 2453 504 2518 similia
521 2454 642 2520 Suidae
664 2456 813 2537 exempla
836 2455 964 2532 docent,
988 2474 1127 2536 quorum
1150 2454 1214 2517 duo
1238 2455 1350 2518 affero.
1390 2454 1439 2518 De

137 2555 323 2620 Polemone
347 2560 476 2621 oratore
499 2556 617 2622 Suidas
640 2579 666 2622 s.
689 2579 718 2622 v.
742 2558 833 2622 dicit:
856 2545 892 2642 ἦν
916 2557 990 2622 δ’ἐπὶ
1013 2556 1159 2642 Τραιανοῦ
1181 2559 1231 2621 καὶ
1254 2556 1315 2641 μετ’
1339 2557 1438 2630 αὐτόν,

138 2660 187 2724 de
208 2659 390 2724 Potamone
412 2664 523 2725 autem
544 2661 756 2743 philosopho:
779 2666 909 2742 γεγονὼς
928 2663 985 2744 προ
1002 2659 1176 2742 Αὐγούστου
1193 2662 1242 2724 καὶ
1258 2659 1320 2743 μετ’
1338 2660 1439 2724 αὐτόν.

138 2763 362 2843 Nequaquam
400 2763 494 2844 igitur
534 2782 616 2845 opus
656 2768 705 2828 est
737 2764 888 2828 arbitrari
920 2762 1151 2827 Antimachum
1183 2764 1260 2826 ante
1292 2761 1438 2826 Platonis

139 2867 289 2930 aetatem
310 2864 437 2930 vixisse.
483 2866 565 2931 Cum
586 2887 664 2931 vero
679 2866 911 2930 Antimachum
927 2865 1072 2930 Platonis
1094 2864 1266 2946 aequalem
1288 2863 1388 2928 fuisse
1406 2867 1438 2928 et

139 2969 187 3034 ab
201 2987 241 3032 eo
253 2968 386 3032 maximi
398 2969 606 3034 aestimatum
618 2989 690 3034 esse
706 2970 856 3046 sciamus,
872 2968 1098 3049 intellegimus
1116 2986 1217 3048 quam
1234 2968 1276 3031 ob
1295 2985 1437 3045 causam,

141 3091 231 3154 quae
256 3071 340 3136 inter
368 3090 480 3136 eorum
508 3075 632 3136 aetates
662 3072 744 3135 ratio
774 3072 963 3149 intercedat,
991 3070 1124 3134 omnino
1154 3072 1438 3134 commemoretur.

139 3174 241 3240 Unde
263 3178 410 3255 apparet,
434 3174 512 3255 quid
533 3175 634 3238 verba
656 3177 712 3258 πρὸ
736 3171 897 3245 Πλάτωνος
920 3173 981 3237 sibi
1003 3173 1111 3237 velint.

232 3276 378 3340 Platonis
400 3277 487 3340 enim
508 3277 541 3341 in
564 3280 671 3341 aetate
687 3277 873 3341 Antimachi
896 3275 1106 3356 significanda
1128 3275 1211 3339 ratio
1234 3275 1348 3340 haberi
1369 3295 1438 3340 non

139 3378 261 3461 potuit,
284 3378 346 3442 nisi
368 3379 457 3460 quod
476 3399 590 3443 eorum
607 3379 812 3444 necessitudo
830 3378 992 3460 quaedam
1009 3377 1184 3441 ferebatur.
1218 3378 1311 3456 Quae
1328 3381 1439 3442 autem

140 3482 186 3545 de
210 3500 251 3546 ea
272 3483 499 3558 narrabantur,
532 3501 571 3545 ex
592 3482 631 3545 iis
653 3482 732 3564 ipsis
755 3481 936 3563 apparebat
955 3480 1188 3545 Antimachum
1209 3481 1307 3545 fuisse
1330 3485 1438 3546 aetate

144 3621 407 3629 -——-·-——-—-——

234 3684 256 3752 1)
283 3685 342 3738 Hoc
357 3691 469 3753 apparet
483 3685 562 3740 exiis
577 3703 648 3755 quae
661 3686 786 3740 Rohdius
800 3686 833 3739 de
847 3686 900 3740 hac
912 3703 941 3740 re
955 3685 1080 3740 disseruit
1093 3701 1125 3738 ac
1138 3685 1252 3754 collegit.
1271 3685 1334 3752 (Rh.
1343 3686 1377 3739 Μ.
1387 3685 1440 3752 33.)

232 3768 255 3838 ²)
283 3771 317 3823 cl.
335 3770 408 3824 Suid.
431 3788 452 3825 s.
470 3789 495 3825 v.
515 3772 660 3827 Simonidis
684 3772 747 3827 Iul:
771 3773 837 3839 μιτὰ
858 3769 1018 3843 Στησίχορον
1042 3778 1097 3830 τοῖς
1120 3771 1230 3842 χρόνοις.
1265 3772 1384 3825 Verbum
1406 3765 1439 3841 ἠν

140 3857 188 3910 vel
205 3857 295 3924 γέγονε
319 3856 403 3912 abest.
427 3883 461 3894 ·-
483 3874 505 3910 s.
523 3874 549 3910 v.
567 3857 705 3926 Philagrii:
730 3865 784 3917 τοῖς
807 3857 912 3929 χρόνοις
933 3857 997 3923 μετὰ
1016 3854 1141 3926 Γαληνόν.
1168 3874 1190 3911 s.
1209 3875 1234 3911 v.
1252 3857 1362 3926 Aesopi:
1388 3865 1441 3916 τοῖς

142 3941 252 4013 χρόνοις
269 3939 318 4010 πρὸ
337 3937 496 4010 Πυθαγόρου.

231 4024 256 4094 ³)
283 4026 349 4080 Aliis
374 4025 442 4079 locis
468 4029 541 4095 apud
568 4028 679 4082 Suidam
702 4029 762 4097 ipsa
787 4029 872 4083 verba
898 4029 1066 4098 πρεσβύτερος
1094 4034 1121 4082 et
1146 4031 1271 4097 νεώτερος
1297 4028 1439 4082 habentur.

142 4113 178 4166 cf.
197 4129 219 4166 s.
238 4127 263 4164 v.
283 4110 440 4165 Stesichori:
465 4119 520 4173 τοῖς
538 4114 565 4166 tl
583 4116 686 4184 χρόνοις
703 4106 738 4185 ἧν
756 4115 880 4187 νεώτερος
899 4109 1044 4181 Ἀλκμᾶνος
1062 4114 1107 4168 τοῦ
1126 4114 1238 4182 lupiaco.
1262 4131 1284 4167 s.
1303 4130 1327 4166 v.
1346 4113 1439 4167 Prota·

123 4207 240 4268 'goraer
265 4195 310 4249 καί
327 4196 495 4266 πρεσβύτερός
513 4198 566 4252 ἐστι
584 4197 732 4259 Πλάτωνος.
769 4202 801 4254 ci.
821 4217 892 4269 quae
908 4200 1035 4269 leguntur
1052 4217 1073 4253 s.
1092 4216 1117 4252 v.
1135 4198 1438 4266 Herodiani,Pisand1i‚

142 4282 281 4348 Characis,
300 4281 473 4348 Philemonis,
492 4283 600 4338 Achaei.
634 4285 705 4339 llum
724 4285 788 4353 quid
805 4285 916 4350 intersit,
935 4292 1027 4340 utrum
1044 4285 1073 4339 in
1090 4285 1189 4339 Suidae
1205 4285 1268 4339 vitis
1285 4284 1373 4338 verbis
1390 4283 1439 4350 πρό

141 4388 212 4429 τινος
239 4385 276 4423 an
300 4369 470 4438 πριοβύτιρός
495 4387 562 4428 τινος
594 4375 670 4424 aetas
695 4371 866 4438 significetur,
890 4371 1070 4425 dubitandum
1097 4375 1144 4422 est.
1183 4370 1253 4424 Nam
1279 4370 1363 4423 verba
1389 4370 1437 4437 πρό

143 4474 220 4522 τινος,
239 4457 305 4523 μετά
323 4472 380 4507 τινα
397 4458 424 4507 et
442 4471 512 4522 quae
530 4455 663 4510 eiusmodi
680 4456 763 4511 verba
781 4463 845 4511 sunt
862 4457 901 4510 ita
913 4456 1038 4524 intellegi,
1053 4461 1083 4508 ut
1097 4460 1204 4522 tempus
1218 4455 1252 4508 ab
1267 4457 1340 4509 anno
1355 4455 1440 4509 natali

144 4547 194 4596 aut
211 4559 228 4595 a
245 4546 334 4595 morte
352 4541 503 4609 computari
521 4542 625 4608 debeat,
644 4558 725 4610 saepe
743 4542 855 4596 omnino
868 4558 926 4596 non
939 4546 1061 4610 possunt,
1081 4541 1155 4609 quod
1173 4541 1202 4594 hi
1221 4540 1315 4595 aetatis
1332 4541 1440 4594 termini

144 4627 306 4681 antioceni
324 4631 402 4680 erant
420 4632 466 4680 aut
483 4643 581 4696 parum
598 4627 664 4682 noti.
