3330 5214
639 418 763 482 „53
814 455 849 464 -.

106 588 148 652 Ac
173 585 352 655 Pausanias
378 587 457 651 item
485 587 691 668 Panyassidis
724 593 852 669 patrem
884 588 1099 672 Polyarchum
1131 592 1292 671 nominat,
1321 614 1389 662 non

106 689 249 754 Dioclem.
295 689 342 757 De
365 689 540 756 Theodoro
563 694 673 755 autem
700 692 860 756 Herodoti
886 692 1000 769 fratre,
1030 713 1127 775 quem
1155 694 1273 760 Suidas
1300 697 1388 761 solus

106 793 248 874 idemque
278 811 345 858 uno
379 792 451 857 loco
488 799 738 870 commemorat,
777 795 804 858 is
839 795 970 876 quidem
1006 800 1119 862 auctor
1155 799 1388 868 existimandus

106 900 161 973 est,
193 895 236 960 ad
269 914 367 976 quem
400 896 552 973 redeunt,
586 915 670 977 quae
704 897 792 978 apud
825 897 960 962 Suidem
992 899 1034 964 de
1066 899 1197 982 reliquis
1229 901 1389 968 Herodoti

107 1001 241 1080 cognatis
263 999 408 1081 legimus.
443 997 515 1075 Quo
539 998 625 1064 enirn
647 998 719 1064 loco
742 999 860 1064 Suidas
883 1001 1042 1069 Herodoti
1069 1003 1202 1072 fratrem
1229 1004 1388 1081 nominat,

107 1103 214 1166 eodem
236 1105 410 1194 parentes!
742 1116 744 1120 ·

182 1204 433 1286 Antiquissimus
481 1204 576 1285 igitur
625 1204 761 1287 scriptor
805 1205 864 1270 fuit
908 1206 1000 1287 isque
1043 1207 1310 1291 Halicarnasseus
1355 1213 1387 1273 et

106 1307 253 1371 Herodoti
281 1307 440 1388 aequalia,
468 1306 523 1387 qui
551 1307 591 1371 de
621 1307 690 1372 eius
717 1311 812 1389 gente
840 1307 963 1390 primus
992 1310 1139 1387 tradidit,
1168 1330 1251 1391 quae
1279 1312 1320 1376 de
1348 1332 1388 1378 ea

107 1410 288 1490 accepimus.
335 1409 433 1488 Quod
455 1409 482 1473 si
504 1413 590 1474 recte
613 1429 648 1474 se
670 1410 785 1487 habet,
808 1411 915 1476 facere
937 1430 1004 1476 non
1025 1431 1214 1493 possumne,
1229 1414 1322 1495 cuin
1344 1415 1386 1478 ab

108 1532 141 1578 eo
161 1515 327 1578 narratum
343 1512 551 1588 arbitremur,
574 1512 733 1593 quidquid
754 1513 916 1578 veteribus
937 1514 978 1579 de
1000 1514 1207 1598 Panyassidis
1230 1520 1263 1580 et
1280 1515 1385 1582 Hero-

108 1614 167 1678 doti
193 1616 291 1679 rebus
313 1615 568 1680 Halicarnasseis
597 1615 753 1680 traditum
784 1620 841 1680 est.
886 1617 999 1698 Neque
1029 1619 1115 1682 enim
1143 1619 1315 1700 probabile
1337 1626 1387 1684 est

107 1717 159 1782 has
187 1739 237 1782 res
269 1718 312 1783 ad
334 1717 507 1799 scriptores
528 1717 796 1782 Halicarnasseos
819 1719 902 1785 illius
924 1721 1040 1786 aetatis
1066 1721 1172 1786 redire
1194 1721 1385 1802 complures.

107 1821 212 1902 Aquo
239 1821 334 1902 igitur
363 1822 488 1884 veteres
518 1824 712 1900 acceperunt
741 1841 825 1903 quae
847 1823 966 1908 scimus
990 1824 1030 1888 de
1052 1823 1259 1906 Panyassidis
1282 1826 1385 1905 patre,

26 1969 27 2008 ,
108 1923 222 1993 deeius
243 1943 333 2000 nece,
357 1922 398 1986 de
421 1923 489 1988 eius
512 1942 588 1987 cum
603 1923 771 1988 Herodoto
795 1926 997 2006 cognatione,
1020 1927 1062 1990 ab
1086 1926 1203 1998 eodem
1219 1931 1386 2008 comperta

26 2029 27 2052 ¹
107 2025 279 2092 habuerunt
308 2026 456 2104 nomina,
486 2045 570 2106 quae
598 2026 757 2092 Herodoti
783 2029 973 2109 parentibus
1003 2030 1133 2094 fuerunt
1156 2032 1188 2092 et
1210 2029 1315 2106 fratri,
1347 2048 1386 2092 ex

26 2189 27 2224 ,
108 2128 240 2193 eiusdem
256 2130 449 2194 testimoniis
466 2134 686 2210 cognoverunt
696 2130 901 2195 Herodotum
917 2131 1006 2212 apud
1023 2131 1108 2195 cives
1118 2131 1385 2196 Halicarnasseus

26 2259 27 2266 ¹
106 2230 226 2298 inodio
248 2232 348 2297 fuisse
371 2252 519 2314 quaeque
541 2236 675 2314 propter
695 2233 874 2313 Panyassin
897 2237 929 2298 et
950 2234 1154 2298 Herodotum
1178 2233 1219 2297 de
1241 2235 1385 2316 tyrannis

26 2359 27 2438 p
105 2333 348 2400 Halicarnasseis
371 2336 458 2417 apud
481 2335 617 2400 Suidam
637 2335 796 2416 leguntur.
833 2336 912 2402 Post
933 2337 1143 2401 Artemisiam
1164 2337 1260 2417 igitur
1280 2337 1384 2401 Pisin-

26 2443 27 2468 ³
107 2437 197 2517 delur,
218 2442 294 2520 post
316 2438 402 2502 hunc
423 2438 601 2521 Lygdarnin
622 2439 841 2504 Halicamassi
864 2439 1068 2504 dominatum
1089 2439 1257 2516 babuisse,
1279 2439 1385 2516 Pisin-

107 2542 182 2607 delin
203 2543 398 2610 Artemisiae
419 2541 535 2618 filium,
558 2541 763 2606 Pisindelidis
785 2542 964 2624 Lygdamin
985 2542 1098 2618 fuisse,
1129 2544 1171 2606 ab
1194 2542 1257 2606 hoc
1278 2542 1384 2625 Pany-

26 2695 27 2742 ἒ
106 2645 184 2710 assin
204 2649 356 2710 necatum
380 2663 461 2722 esse,
485 2645 527 2708 ab
550 2645 719 2709 Herodoto
741 2644 920 2726 Lygdamin
943 2645 1120 2725 expulsum
1136 2645 1253 2710 Suidas
1275 2649 1386 2710 narrat

105 2749 281 2814 testimonia
303 2748 443 2813 auctoris
465 2748 619 2824 referens
642 2766 708 2828 quo
730 2747 845 2811 melior
866 2767 964 2822 nemo
989 2766 1060 2812 esse
1082 2747 1194 2828 possit.
1202 2746 1226 2831 ¹)

180 2851 254 2916 Eius
275 2851 358 2916 liber
380 2851 496 2932 quibus
515 2850 556 2914 de
573 2851 670 2914 rebus
687 2849 885 2930 conscriptus
901 2850 951 2928 sit,
974 2870 1026 2914 res
1043 2869 1082 2914 eo
1099 2849 1238 2924 traditae
1256 2851 1383 2916 docent.

105 2952 187 3030 Quae
210 2974 282 3018 curn
305 2954 348 3019 ad
363 2953 551 3036 Panyassin,
573 2953 788 3031 Herodotum,
812 2952 881 3016 eius
899 2957 1051 3034 parentes
1067 2973 1106 3018 ac
1122 2953 1266 3030 fratrem,
1288 2954 1385 3018 Arte·

26 3051 27 3142 l
104 3055 229 3135 misiam,
252 3057 437 3134 Pisindelin,
454 3056 631 3138 Lygdamin
648 3056 832 3138 pertineant
850 3075 888 3120 ao
904 3056 946 3120 de
963 3055 1078 3120 civium
1094 3055 1252 3124 nobilium
1268 3056 1383 3134 ferant,

26 3173 27 3176 ’
103 3177 178 3238 quae
200 3160 330 3226 anullo
353 3159 478 3224 narrari
499 3159 559 3224 nisi
582 3160 624 3224 ab
646 3158 896 3224 Halicamasseo
919 3159 1047 3240 aequali
1068 3159 1241 3240 potuerint,
1273 3179 1384 3224 earum

26 3267 27 3352 J
103 3281 200 3328 rerum
229 3263 417 3344 scriptorem
446 3265 576 3344 oportet
611 3261 710 3326 literis
740 3261 915 3327 mandasse
945 3281 1078 3334 suorum
1111 3265 1298 3344 temporum
1332 3281 1383 3330 res

26 3359 27 3362 ’
102 3362 367 3430 Halicarnasseas.
638 3444 642 3450 ¹
1229 3433 1230 3438 ,

178 3467 271 3534 Nunc
292 3469 335 3533 ad
357 3467 583 3548 cognationem
605 3465 810 3549 Panyassidis
833 3470 865 3530 et
881 3466 1040 3531 Herodoti
1061 3467 1260 3545 revertimur,
1284 3467 1384 3549 quisi

26 3629 27 3658 ¹
102 3587 132 3632 re
158 3591 233 3636 vera
259 3573 416 3658 ἐξάδελφοι
442 3571 581 3647 suenrut,
612 3575 719 3636 aetate
742 3589 809 3634 non
831 3569 877 3634 ita
899 3569 1019 3636 distare
1041 3574 1225 3653 potuerunt.
1270 3570 1383 3652 Itaque

102 3671 273 3752 rideamne,
304 3694 382 3738 num
410 3673 487 3754 quid
515 3673 592 3740 certi
622 3673 663 3738 de
693 3677 840 3755 tempore
870 3673 931 3738 dici
960 3674 1079 3756 possit,
1106 3693 1173 3754 quo
1201 3673 1269 3737 nati
1297 3678 1381 3738 sunt.

179 3777 371 3859 Incipiamus
399 3797 419 3841 a
440 3776 652 3859 Panyasside,
686 3776 775 3840 cuius
803 3775 844 3840 de
868 3779 976 3840 aetate
999 3776 1167 3857 opiniones
1191 3775 1272 3840 duas
1295 3776 1383 3857 apud

101 3882 217 3944 veteres
246 3880 406 3946 exstitisse
437 3880 655 3961 cognovimus.
707 3879 787 3943 Utra
817 3878 911 3942 nobis
942 3879 1115 3960 probanda
1144 3879 1198 3957 sit,
1234 3878 1383 3954 dubitare

181 4101 201 4170 l)
226 4103 279 4157 Sed
298 4103 368 4158 enim
387 4104 421 4156 de
438 4102 568 4158 Herodoti
585 4102 666 4156 rebus
683 4100 896 4156 Halicarnasseis
919 4117 976 4156 non
1000 4101 1109 4166 desunt,
1133 4117 1204 4168 quae
1230 4117 1266 4154 an
1290 4101 1382 4168 potius

102 4189 329 4250 grammaticorum
347 4189 502 4242 coniectura
518 4192 624 4256 reperta
642 4186 708 4251 sint,
733 4185 850 4240 dubitari
871 4192 969 4254 potest.
1004 4188 1116 4255 Propter
1138 4185 1288 4255 Lygdamin
1311 4187 1383 4240 enim

101 4267 258 4330 Herodotum
276 4274 350 4330 Sarni
367 4275 512 4343 profugum
530 4273 633 4343 degisse
650 4289 684 4326 ex
702 4272 760 4326 aliis
777 4271 1040 4342 testimoniiscollipi
1053 4277 1149 4340 polest.
1176 4274 1217 4328 Ac
1228 4273 1286 4328 sine
1299 4272 1381 4327 dubio

103 4355 132 4407 ad
148 4359 382 4424 grammaticorum
405 4360 588 4416 coniecturam
611 4360 709 4413 falsum
730 4359 797 4412 illud
820 4375 947 4412 revocare
971 4359 1114 4424 debemuS,
1138 4360 1212 4426 quod
1229 4359 1382 4412 Herodotus

102 4437 168 4495 Sami
193 4445 291 4513 degens
318 4445 432 4500 dialecto
458 4445 553 4500 Ionica
577 4461 606 4499 se
632 4444 781 4499 exercuisse
809 4444 899 4501 fertur.
944 4444 1021 4510 Ultro
1049 4448 1148 4509 autem,
1175 4460 1232 4498 non
1254 4460 1268 4497 e
1294 4443 1382 4512 patria

101 4522 204 4588 eieotmn
220 4529 388 4586 Herodotum
406 4531 491 4586 civem
508 4531 640 4586 Thorium
656 4531 759 4586 factum
782 4546 841 4584 esse
865 4529 942 4584 iacile
960 4534 1077 4584 statuere
1100 4534 1217 4598 poterat,
1242 4528 1289 4596 qui
1311 4528 1382 4582 illius

103 4613 188 4668 aetatis
204 4616 483 4671 res-Halicarnasseas
502 4617 653 4671 accuratius
670 4623 795 4670 narratas
812 4617 856 4669 vel
874 4616 985 4669 omnino
1004 4615 1126 4684 cognitas
1143 4614 1246 4669 habuit.
