3330 5214
809 408 1021 470 „55-

269 598 388 644 remus.
416 579 456 643 ci.
473 599 506 661 p.
518 580 571 643 61.
600 579 713 660 Itaque
729 599 770 643 ex
784 597 850 659 quo
864 581 1014 658 tempore
1023 577 1227 659 Panyassidis
1238 581 1357 658 poetae
1371 599 1451 644 vera
1461 580 1574 660 patria
1660 565 1661 570 ἵ

266 684 434 762 comperta
450 680 519 758 fuit,
537 681 618 745 illud
633 681 854 745 testimonium
868 681 911 744 ab
927 679 1089 756 omnihus,
1102 680 1136 743 in
1151 681 1268 761 quibus
1278 681 1402 762 aliquid
1412 682 1573 746 scientiae
1660 678 1661 710 ¹

266 783 336 860 fuit,
365 783 480 848 merito
506 783 689 864 neglectum
717 786 775 847 est.
825 783 889 861 Qui
916 782 1003 846 enim
1029 803 1051 846 a
1070 783 1269 865 Panyasside
1295 783 1422 864 epicam
1451 785 1573 866 poesin
1660 829 1661 840 2

266 891 443 953 recreatam
471 886 560 964 dixit,
589 906 664 951 eum
687 886 827 950 Choerili
854 889 962 950 aetate
988 886 1190 966 superiorem
1216 889 1250 950 et
1271 886 1459 951 Antimachi
1482 890 1572 952 tem·
1660 871 1661 876 ἵ

264 989 399 1072 poribus
429 993 594 1055 mortuum
615 989 713 1054 fuisse
735 1008 804 1052 non
824 989 992 1070 ignoravit.
1037 988 1146 1069 Atque
1167 988 1212 1052 illi
1234 1008 1365 1070 quoque
1387 989 1452 1054 hoc
1476 1009 1571 1054 com·
1660 1003 1661 1026 1

264 1095 396 1174 portum
429 1093 525 1157 fuisse
558 1092 754 1170 videbimus,
793 1092 847 1172 qui
877 1110 898 1154 a
925 1090 1123 1172 Panyasside
1154 1095 1255 1172 poeta
1287 1092 1380 1174 epico
1415 1093 1573 1158 disiunxit
1660 1115 1661 1180 1

264 1195 442 1276 Panyassin
464 1194 633 1259 minorem.
1660 1195 1661 1284 l

351 1298 453 1362 Natus
474 1317 540 1379 quo
562 1302 710 1379 tempore
732 1297 773 1361 sit
788 1296 968 1377 panyassis,
990 1297 1170 1360 accuratius
1192 1297 1255 1362 dici
1277 1317 1345 1362 non
1361 1301 1483 1379 potest,
1508 1299 1572 1363 etsi

263 1421 341 1466 eum
364 1401 405 1466 ol.
428 1403 470 1466 75
492 1400 638 1466 floruisse
660 1401 787 1465 scimus.
821 1399 985 1464 idcircone
1008 1398 1095 1462 enim
1116 1399 1150 1463 in
1172 1398 1215 1463 ol.
1233 1400 1275 1464 75
1297 1401 1419 1466 florens
1441 1401 1571 1483 positus
1660 1405 1661 1484 ᾗ

263 1503 315 1580 911,
338 1504 428 1586 quod
443 1506 513 1567 tum
529 1503 743 1585 quadraginta
757 1521 862 1567 annos
880 1505 994 1566 natum
1015 1521 1090 1566 eum
1109 1502 1207 1566 fuisse
1226 1505 1400 1580 constaret,
1424 1504 1570 1568 maxime

265 1606 400 1672 dubium
428 1609 485 1670 ast.
535 1605 619 1669 Huic
645 1605 732 1670 enirn
759 1604 933 1687 olympiadi
954 1604 1070 1668 ascribi
1091 1603 1144 1668 1119
1165 1604 1282 1685 potuit,
1312 1607 1439 1670 etiamsi
1460 1626 1571 1672 annus

264 1709 381 1774 natalis
423 1707 490 1772 eius
531 1707 651 1773 nemini
692 1708 836 1788 cognitus
873 1711 951 1772 9191.
1022 1707 1059 1770 ld
1105 1707 1237 1788 quidem
1285 1708 1468 1790 intelleget,
1512 1710 1572 1791 qui
1660 1731 1661 1749 ¹

264 1815 412 1876 nostrum
434 1813 575 1874 aetatem
591 1810 794 1894 Panyassidis
816 1812 923 1875 certae
945 1810 1120 1892 olympiadi
1140 1811 1317 1876 attribuere
1341 1811 1410 1892 ipse
1429 1815 1571 1876 conatus
1660 1829 1661 1832 ’

265 1914 334 1980 9111.
379 1912 432 1979 819
454 1914 542 1978 enim
563 1916 757 1977 statuemus:
791 1914 937 1978 Mortuus
959 1916 1009 1977 est
1029 1913 1200 1996 Panyassis
1222 1914 1369 1978 circaol.
1394 1916 1448 1979 80.
1499 1915 1572 1980 Nec
1660 1957 1661 2004 ,

264 2019 432 2082 senectute
455 2017 621 2080 confectus
642 2019 783 2080 mortem
805 2015 912 2080 obisse
933 2019 1051 2096 potest,
1076 2035 1150 2080 cum
1172 2020 1209 2080 ut
1233 2015 1378 2080 inimicus
1401 2016 1572 2082 timendus
1660 2015 1661 2048 ³

265 2120 393 2202 tyranni
420 2120 507 2184 iussu
532 2122 711 2184 necaretur.
759 2119 873 2199 Neque
894 2137 972 2183 vero
1000 2118 1190 2184 adolescens
1219 2122 1289 2182 tum
1318 2119 1417 2184 fuisse
1447 2123 1572 2200 potest,
1660 2171 1661 2196 ,

266 2242 339 2288 cum
367 2223 510 2286 carmina
540 2221 631 2302 epica
657 2240 868 2301 componere,
897 2239 981 2302 quae
1008 2221 1041 2284 in
1064 2221 1263 2302 optimorum
1292 2241 1429 2286 numero
1453 2221 1573 2286 habita

263 2325 337 2403 sint,
359 2345 426 2390 non
441 2324 662 2389 adolescentis
679 2323 728 2387 sit.
766 2324 911 2388 Mortuus
927 2323 1022 2404 igitur
1038 2327 1086 2387 est
1104 2327 1212 2389 aetate
1229 2325 1420 2406 provectior.
1457 2324 1572 2402 Quare

265 2425 1167 2509 999999919919919919999199111991.75991919
1189 2447 1273 2504 esse,
1308 2446 1376 2492 non
1404 2427 1571 2492 dubitabi-
1660 2433 1661 2500 i

265 2549 336 2594 mus
375 2530 449 2595 huic
489 2529 664 2613 olympiadi
683 2578 685 2582 .
703 2531 771 2594 eius
805 2513 921 2594 florem
953 2528 1128 2606 ascribere,
1163 2548 1247 2610 quae
1281 2549 1355 2594 cum
1387 2529 1498 2596 notior
1528 2530 1572 2593 sit

265 2632 394 2713 reliquis
421 2631 505 2697 illius
531 2633 687 2714 temporis
722 2633 888 2710 omnibus,
927 2633 1022 2713 longe
1056 2632 1223 2713 aptissima
1255 2634 1305 2697 est
1337 2650 1402 2712 qua
1434 2631 1571 2696 alictrius

265 2735 408 2817 aequalis
443 2739 533 2800 aetas
562 2735 765 2816 significetur.
817 2737 866 2800 Ac
900 2735 1036 2800 forsitan
1070 2737 1195 2798 veteres
1229 2734 1314 2798 hanc
1348 2733 1570 2815 olympiadem

266 2839 398 2903 easdem
430 2839 473 2902 ob
508 2857 620 2902 causas
654 2838 839 2919 delegerint.
894 2839 979 2902 Nam
1012 2838 1092 2902 alias
1131 2856 1243 2902 causas
1275 2856 1356 2918 quas
1390 2837 1569 2902 afferamus
1660 2899 1661 2931 ,

268 2941 453 3022 probabiles
474 2961 541 3005 non
563 2941 732 3005 habemus.

352 3044 465 3125 Neque
491 3065 568 3109 vero
598 3044 703 3108 minus
730 3043 887 3108 incertum
916 3045 974 3119 est,
1004 3061 1070 3124 quo
1097 3046 1245 3124 tempore
1273 3047 1370 3108 natus
1394 3043 1435 3107 sit
1458 3044 1567 3108 Hero-

267 3147 373 3210 dotus.
417 3146 512 3210 Hunc
541 3147 626 3210 enim
654 3147 709 3228 qui
732 3146 783 3230 ol„
798 3147 840 3212 74
862 3149 976 3210 natum
998 3146 1115 3222 ferunt,
1146 3146 1190 3210 ad
1213 3165 1325 3210 eorum
1346 3146 1510 3210 rationem
1531 3167 1567 3212 se

266 3248 438 3329 applicant,
468 3248 522 3329 qui
549 3249 664 3313 aetatis
691 3250 806 3313 florem
833 3249 866 3312 in
894 3267 980 3312 anno
1004 3247 1251 3329 quadragesimo
1275 3253 1435 3329 ponentes
1457 3249 1565 3314 Hero-

266 3351 381 3416 dotum
409 3351 561 3416 dicebant
589 3351 748 3428 floruisse,
784 3371 858 3415 cum
883 3351 995 3415 'sburii
1029 3351 1260 3429 conderentur,
1294 3351 1349 3433 qui
1380 3351 1421 3415 ol.
1452 3353 1504 3416 84.
1536 3355 1564 3416 1.
1660 3343 1661 3422 t

267 3454 385 3518 conditi
408 3456 491 3518 sunt.
537 3453 604 3518 Sed
626 3455 667 3517 de
689 3473 775 3517 anno
804 3453 903 3518 natali
929 3452 1009 3518 nihil
1037 3453 1140 3535 colligi
1164 3474 1203 3518 ex
1225 3455 1287 3519 hac
1308 3453 1433 3518 ratione
1456 3457 1565 3535 potest

266 3555 299 3620 in
327 3577 366 3621 eo
394 3556 509 3637 posita,
540 3558 629 3638 quod
657 3556 844 3621 Herodotus
872 3557 906 3621 in
935 3555 1087 3620 historiae
1116 3575 1194 3622 suae
1224 3557 1312 3622 initio
1342 3556 1499 3622 Thurium
1528 3577 1564 3622 se

193 3665 195 3672 '
267 3659 453 3737 nominavit,
466 3658 491 3743 ¹)
523 3659 604 3724 sicut
632 3659 827 3742 Thucydidis
860 3679 964 3724 annus
997 3659 1262 3742 quadragesimus
1294 3660 1328 3724 in
1360 3660 1436 3724 belli
1466 3661 1563 3724 Pelo-

266 3761 451 3843 ponnesiaci
484 3761 574 3826 initio
607 3765 780 3843 propterea
809 3762 933 3844 positus
961 3764 1019 3840 991,
1054 3764 1143 3845 quod
1171 3763 1266 3828 huius
1291 3762 1368 3827 belli
1394 3762 1564 3827 historiam

267 3865 468 3930 conscribere
497 3867 567 3928 turn
597 3885 631 3929 se
666 3865 809 3948 coepisse
838 3866 907 3948 ipse
937 3863 1059 3951 (119112)
1115 3866 1234 3947 Atque,
1253 3869 1289 3929 ut
1315 3869 1449 3946 propter
1478 3866 1563 3932 hanc

266 3967 426 4033 rationem
447 3971 589 4032 erratum
605 3968 731 4033 videtur
749 3987 819 4032 esse
837 3969 878 4033 de
894 3971 1042 4049 tempore
1058 3969 1158 4032 natali
1175 3968 1371 4045 Thucididis,
1394 3969 1440 4032 ita
1455 3969 1562 4034 Hero·

266 4070 344 4148 doti,
379 4071 432 4152 qui
465 4071 492 4134 si
523 4071 621 4152 paulo
644 4075 719 4137 ante
750 4071 790 4136 ol.
814 4073 866 4136 81.
896 4073 925 4137 3.
966 4071 1142 4153 Lygdamin
1173 4071 1303 4153 expulit,
1336 4074 1412 4136 ante
1443 4073 1486 4138 ol.
1520 4074 1563 4137 74

269 4195 527 4202 —————-—-——

355 4260 374 4320 ¹)
403 4260 502 4314 Eadem
522 4260 626 4316 ratione
643 4261 788 4315 rudissima
806 4260 948 4329 opiniones
966 4260 1024 4314 eius
1041 4260 1146 4328 generis
1164 4264 1240 4314 ortae
1258 4265 1333 4323 sunt,
1358 4260 1434 4314 cuius
1453 4263 1564 4328 generis

267 4350 308 4400 est
321 4345 399 4400 Plinii
418 4343 483 4412 (nat.
497 4345 559 4400 hist.
572 4345 630 4400 XII.
644 4347 680 4412 8),
699 4347 745 4415 qui
762 4347 892 4401 Herodoti
910 4345 1051 4400 historiam
1069 4345 1164 4398 eodem
1183 4363 1263 4411 anno,
1283 4363 1338 4414 quo
1348 4346 1441 4400 Thurii
1459 4349 1565 4403 conditi

266 4436 337 4495 sunt,
356 4431 462 4485 Thuriis
479 4432 618 4486 conditam
635 4439 735 4486 narrat.

353 4515 374 4582 2)
401 4517 485 4571 Thuc.
504 4518 524 4573 Ι,
544 4518 568 4572 1.
603 4517 743 4587 ἀρξάμενος
765 4517 840 4577 εὐθὺς
863 4517 1058 4586 acarnanum.
1087 4547 1122 4556 ·-
1148 4517 1268 4572 Similem
1297 4535 1409 4574 eausam
1438 4519 1565 4589 ineptam

267 4601 349 4658 luisse
367 4608 481 4671 oportet,
501 4620 556 4671 qua
574 4619 667 4657 eorum
686 4619 760 4656 error
777 4609 852 4659 ortus
870 4608 919 4669 est,
938 4603 984 4672 qui
997 4603 1127 4657 Hellanici
1145 4603 1240 4658 florem
1256 4603 1285 4657 in
1303 4604 1337 4657 ol.
1353 4604 1385 4658 81
1401 4615 1568 4672 posuerunt.
