<?xml version="1.0" encoding="UTF-8"?>
<!DOCTYPE html PUBLIC "-//W3C//DTD XHTML 1.0 Transitional//EN"
    "http://www.w3.org/TR/xhtml1/DTD/xhtml1-transitional.dtd">
<html xmlns="http://www.w3.org/1999/xhtml" xml:lang="en" lang="en">
 <head>
  <title>
</title>
<meta http-equiv="Content-Type" content="text/html;charset=utf-8" />
  <meta name='ocr-system' content='tesseract 3.04.00' />
  <meta name='ocr-capabilities' content='ocr_page ocr_carea ocr_par ocr_line ocrx_word'/>
</head>
<body>
  <div class='ocr_page' id='page_1' title='image "./depanyasside01kraugoog_0068.png"; bbox 0 0 3330 5214; ppageno 0'>
   <div class='ocr_carea' id='block_1_1' title="bbox 13 603 1469 2850">
    <p class='ocr_par' dir='ltr' id='par_1_1' title="bbox 15 603 1469 1304">
     <span class='ocr_line' id='line_1_1' title="bbox 16 603 1366 690; baseline 0 -20"><span class='ocrx_word' id='word_1_1' title='bbox 16 603 17 616; x_wconf 30' lang='grc' dir='ltr'><strong>ί</strong></span> <span class='ocrx_word' id='word_1_2' title='bbox 83 605 338 688; x_wconf 90' lang='lat' dir='ltr'>quattuordecim</span> <span class='ocrx_word' id='word_1_3' title='bbox 357 607 474 672; x_wconf 91' lang='lat' dir='ltr'>Suidas</span> <span class='ocrx_word' id='word_1_4' title='bbox 494 610 606 671; x_wconf 84' lang='lat' dir='ltr'><strong>auctor</strong></span> <span class='ocrx_word' id='word_1_5' title='bbox 628 609 687 671; x_wconf 89' lang='lat' dir='ltr'>est.</span> <span class='ocrx_word' id='word_1_6' title='bbox 720 606 819 686; x_wconf 89' lang='lat' dir='ltr'>Apud</span> <span class='ocrx_word' id='word_1_7' title='bbox 841 605 1012 686; x_wconf 75' lang='lat' dir='ltr'>scriptores</span> <span class='ocrx_word' id='word_1_8' title='bbox 1034 605 1116 669; x_wconf 89' lang='lat' dir='ltr'>liber</span> <span class='ocrx_word' id='word_1_9' title='bbox 1132 603 1255 687; x_wconf 85' lang='lat' dir='ltr'>primus</span> <span class='ocrx_word' id='word_1_10' title='bbox 1270 607 1331 684; x_wconf 87' lang='lat' dir='ltr'>bis,</span> <span class='ocrx_word' id='word_1_11' title='bbox 1342 605 1366 690; x_wconf 83' lang='grc'>1)</span> 
     </span>
     <span class='ocr_line' id='line_1_2' title="bbox 82 706 1368 793; baseline 0.002 -21"><span class='ocrx_word' id='word_1_12' title='bbox 82 709 190 774; x_wconf 90' lang='lat' dir='ltr'>tertius</span> <span class='ocrx_word' id='word_1_13' title='bbox 227 707 330 793; x_wconf 83' lang='lat' dir='ltr'>bis,²)</span> <span class='ocrx_word' id='word_1_14' title='bbox 364 711 554 776; x_wconf 87' lang='lat' dir='ltr'>undecimus</span> <span class='ocrx_word' id='word_1_15' title='bbox 592 706 726 792; x_wconf 81' lang='lat' dir='ltr'>seme13)</span> <span class='ocrx_word' id='word_1_16' title='bbox 765 709 960 772; x_wconf 90' lang='lat' dir='ltr'>nominatur.</span> <span class='ocrx_word' id='word_1_17' title='bbox 1023 708 1196 786; x_wconf 87' lang='lat' dir='ltr'>Quomodo</span> <span class='ocrx_word' id='word_1_18' title='bbox 1230 710 1368 774; x_wconf 89' lang='lat' dir='ltr'>materia</span> 
     </span>
     <span class='ocr_line' id='line_1_3' title="bbox 81 810 1368 892; baseline 0.002 -17"><span class='ocrx_word' id='word_1_19' title='bbox 81 811 250 876; x_wconf 90' lang='lat' dir='ltr'>distributa</span> <span class='ocrx_word' id='word_1_20' title='bbox 272 812 377 891; x_wconf 88' lang='lat' dir='ltr'>fuerit,</span> <span class='ocrx_word' id='word_1_21' title='bbox 399 813 571 878; x_wconf 86' lang='lat' dir='ltr'>nescimus.</span> <span class='ocrx_word' id='word_1_22' title='bbox 604 811 713 876; x_wconf 91' lang='lat' dir='ltr'>Unum</span> <span class='ocrx_word' id='word_1_23' title='bbox 734 810 798 875; x_wconf 95' lang='lat' dir='ltr'>hoc</span> <span class='ocrx_word' id='word_1_24' title='bbox 820 811 938 874; x_wconf 89' lang='lat' dir='ltr'>scimus</span> <span class='ocrx_word' id='word_1_25' title='bbox 959 810 992 876; x_wconf 92' lang='lat' dir='ltr'>in</span> <span class='ocrx_word' id='word_1_26' title='bbox 1010 811 1116 892; x_wconf 92' lang='lat' dir='ltr'>primo</span> <span class='ocrx_word' id='word_1_27' title='bbox 1134 811 1217 876; x_wconf 87' lang='lat' dir='ltr'>libro</span> <span class='ocrx_word' id='word_1_28' title='bbox 1236 816 1368 878; x_wconf 86' lang='lat' dir='ltr'>narrata</span> 
     </span>
     <span class='ocr_line' id='line_1_4' title="bbox 15 912 1469 1002; baseline 0.001 -25"><span class='ocrx_word' id='word_1_29' title='bbox 15 999 16 1002; x_wconf 8' lang='grc' dir='ltr'><strong>Ἴ</strong></span> <span class='ocrx_word' id='word_1_30' title='bbox 82 934 164 992; x_wconf 90' lang='lat' dir='ltr'>esse,</span> <span class='ocrx_word' id='word_1_31' title='bbox 180 933 264 996; x_wconf 89' lang='lat' dir='ltr'>quae</span> <span class='ocrx_word' id='word_1_32' title='bbox 283 915 326 980; x_wconf 90' lang='lat' dir='ltr'>ad</span> <span class='ocrx_word' id='word_1_33' title='bbox 342 915 470 980; x_wconf 88' lang='lat' dir='ltr'>leonem</span> <span class='ocrx_word' id='word_1_34' title='bbox 489 912 724 996; x_wconf 66' lang='lat' dir='ltr'>Nemeaeumt)</span> <span class='ocrx_word' id='word_1_35' title='bbox 743 917 775 978; x_wconf 87' lang='lat' dir='ltr'>et</span> <span class='ocrx_word' id='word_1_36' title='bbox 792 913 835 977; x_wconf 91' lang='lat' dir='ltr'>ad</span> <span class='ocrx_word' id='word_1_37' title='bbox 846 914 906 977; x_wconf 89' lang='lat' dir='ltr'>iter</span> <span class='ocrx_word' id='word_1_38' title='bbox 920 914 1093 994; x_wconf 88' lang='lat' dir='ltr'>pertinent,</span> <span class='ocrx_word' id='word_1_39' title='bbox 1110 915 1198 995; x_wconf 89' lang='lat' dir='ltr'>quod</span> <span class='ocrx_word' id='word_1_40' title='bbox 1214 914 1368 980; x_wconf 89' lang='lat' dir='ltr'>Hercules</span> <span class='ocrx_word' id='word_1_41' title='bbox 1463 946 1469 954; x_wconf 92' lang='lat'><strong>·</strong></span> 
     </span>
     <span class='ocr_line' id='line_1_5' title="bbox 15 1016 1369 1100; baseline 0 -18"><span class='ocrx_word' id='word_1_42' title='bbox 15 1025 16 1036; x_wconf 59' lang='lat'>¹</span> <span class='ocrx_word' id='word_1_43' title='bbox 83 1018 199 1099; x_wconf 87' lang='lat' dir='ltr'>poculo</span> <span class='ocrx_word' id='word_1_44' title='bbox 221 1038 281 1099; x_wconf 90' lang='lat' dir='ltr'>per</span> <span class='ocrx_word' id='word_1_45' title='bbox 301 1018 406 1084; x_wconf 86' lang='lat' dir='ltr'>maria</span> <span class='ocrx_word' id='word_1_46' title='bbox 423 1021 534 1083; x_wconf 87' lang='lat' dir='ltr'>vectus</span> <span class='ocrx_word' id='word_1_47' title='bbox 556 1018 598 1082; x_wconf 90' lang='lat' dir='ltr'>ad</span> <span class='ocrx_word' id='word_1_48' title='bbox 620 1017 759 1083; x_wconf 88' lang='lat' dir='ltr'>insulam</span> <span class='ocrx_word' id='word_1_49' title='bbox 780 1017 946 1098; x_wconf 86' lang='lat' dir='ltr'>Erythiam</span> <span class='ocrx_word' id='word_1_50' title='bbox 967 1016 1082 1081; x_wconf 87' lang='lat' dir='ltr'>fecisse</span> <span class='ocrx_word' id='word_1_51' title='bbox 1103 1017 1226 1082; x_wconf 87' lang='lat' dir='ltr'>dieitur.</span> <span class='ocrx_word' id='word_1_52' title='bbox 1235 1016 1261 1100; x_wconf 87' lang='lat'>⁵)</span> <span class='ocrx_word' id='word_1_53' title='bbox 1296 1017 1369 1095; x_wconf 87' lang='lat' dir='ltr'>Quo</span> 
     </span>
     <span class='ocr_line' id='line_1_6' title="bbox 79 1118 1368 1203; baseline 0.001 -20"><span class='ocrx_word' id='word_1_54' title='bbox 79 1119 150 1184; x_wconf 90' lang='lat' dir='ltr'>iure</span> <span class='ocrx_word' id='word_1_55' title='bbox 170 1119 321 1186; x_wconf 86' lang='lat' dir='ltr'>Clemens</span> <span class='ocrx_word' id='word_1_56' title='bbox 342 1118 615 1199; x_wconf 74' lang='lat' dir='ltr'>Alexandrinus‘)</span> <span class='ocrx_word' id='word_1_57' title='bbox 642 1121 823 1203; x_wconf 87' lang='lat' dir='ltr'>Panyassin</span> <span class='ocrx_word' id='word_1_58' title='bbox 844 1120 1008 1184; x_wconf 80' lang='lat' dir='ltr'>insimulet</span> <span class='ocrx_word' id='word_1_59' title='bbox 1031 1139 1048 1182; x_wconf 92' lang='lat' dir='ltr'>e</span> <span class='ocrx_word' id='word_1_60' title='bbox 1071 1119 1244 1202; x_wconf 87' lang='lat' dir='ltr'>Creophyli</span> <span class='ocrx_word' id='word_1_61' title='bbox 1267 1121 1368 1186; x_wconf 89' lang='lat' dir='ltr'>Samii</span> 
     </span>
     <span class='ocr_line' id='line_1_7' title="bbox 78 1222 1188 1304; baseline 0.002 -18"><span class='ocrx_word' id='word_1_62' title='bbox 78 1223 238 1288; x_wconf 86' lang='lat' dir='ltr'>Heraclea</span> <span class='ocrx_word' id='word_1_63' title='bbox 261 1223 435 1288; x_wconf 84' lang='lat' dir='ltr'>Oechaliae</span> <span class='ocrx_word' id='word_1_64' title='bbox 457 1225 730 1304; x_wconf 78' lang='lat' dir='ltr'>expugnationem</span> <span class='ocrx_word' id='word_1_65' title='bbox 753 1223 995 1304; x_wconf 87' lang='lat' dir='ltr'>deprompsisse</span> <span class='ocrx_word' id='word_1_66' title='bbox 1017 1222 1188 1288; x_wconf 90' lang='lat' dir='ltr'>nescimus.</span> 
     </span>
    </p>

    <p class='ocr_par' dir='ltr' id='par_1_2' title="bbox 13 1326 1405 2337">
     <span class='ocr_line' id='line_1_8' title="bbox 164 1326 1405 1408; baseline 0 -18"><span class='ocrx_word' id='word_1_67' title='bbox 164 1326 332 1408; x_wconf 83' lang='lat' dir='ltr'>Reliquiae</span> <span class='ocrx_word' id='word_1_68' title='bbox 349 1327 500 1391; x_wconf 79' lang='lat' dir='ltr'>carminis</span> <span class='ocrx_word' id='word_1_69' title='bbox 512 1346 579 1390; x_wconf 90' lang='lat' dir='ltr'>non</span> <span class='ocrx_word' id='word_1_70' title='bbox 592 1331 704 1392; x_wconf 87' lang='lat' dir='ltr'>tantae</span> <span class='ocrx_word' id='word_1_71' title='bbox 718 1330 802 1403; x_wconf 91' lang='lat' dir='ltr'>sunt,</span> <span class='ocrx_word' id='word_1_72' title='bbox 819 1329 958 1407; x_wconf 88' lang='lat' dir='ltr'>quantas</span> <span class='ocrx_word' id='word_1_73' title='bbox 974 1326 1043 1390; x_wconf 83' lang='lat' dir='ltr'>lore</span> <span class='ocrx_word' id='word_1_74' title='bbox 1058 1345 1118 1407; x_wconf 92' lang='lat' dir='ltr'>pro</span> <span class='ocrx_word' id='word_1_75' title='bbox 1132 1329 1251 1407; x_wconf 90' lang='lat' dir='ltr'>poetae</span> <span class='ocrx_word' id='word_1_76' title='bbox 1266 1328 1367 1392; x_wconf 89' lang='lat' dir='ltr'>nostri</span> <span class='ocrx_word' id='word_1_77' title='bbox 1399 1364 1405 1382; x_wconf 65' lang='grc' dir='ltr'><strong>ι</strong></span> 
     </span>
     <span class='ocr_line' id='line_1_9' title="bbox 77 1429 1369 1512; baseline 0.002 -20"><span class='ocrx_word' id='word_1_78' title='bbox 77 1429 168 1494; x_wconf 86' lang='lat' dir='ltr'>fama</span> <span class='ocrx_word' id='word_1_79' title='bbox 189 1429 306 1511; x_wconf 83' lang='lat' dir='ltr'>insigni</span> <span class='ocrx_word' id='word_1_80' title='bbox 334 1433 568 1512; x_wconf 74' lang='lat' dir='ltr'>exspectamus</span> <span class='ocrx_word' id='word_1_81' title='bbox 594 1431 654 1494; x_wconf 90' lang='lat' dir='ltr'>etsi</span> <span class='ocrx_word' id='word_1_82' title='bbox 680 1450 843 1506; x_wconf 88' lang='lat' dir='ltr'>versuum,</span> <span class='ocrx_word' id='word_1_83' title='bbox 870 1429 1054 1505; x_wconf 88' lang='lat' dir='ltr'>verborum,</span> <span class='ocrx_word' id='word_1_84' title='bbox 1080 1448 1187 1493; x_wconf 90' lang='lat' dir='ltr'>rerum</span> <span class='ocrx_word' id='word_1_85' title='bbox 1214 1448 1369 1494; x_wconf 87' lang='lat' dir='ltr'>numerus</span> 
     </span>
     <span class='ocr_line' id='line_1_10' title="bbox 14 1531 1369 1614; baseline -0.001 -18"><span class='ocrx_word' id='word_1_86' title='bbox 14 1559 15 1566; x_wconf 30' lang='grc' dir='ltr'><strong>ι</strong></span> <span class='ocrx_word' id='word_1_87' title='bbox 76 1552 138 1614; x_wconf 89' lang='lat' dir='ltr'>per</span> <span class='ocrx_word' id='word_1_88' title='bbox 159 1553 195 1597; x_wconf 87' lang='lat' dir='ltr'>se</span> <span class='ocrx_word' id='word_1_89' title='bbox 216 1532 306 1597; x_wconf 90' lang='lat' dir='ltr'>haud</span> <span class='ocrx_word' id='word_1_90' title='bbox 328 1552 447 1614; x_wconf 85' lang='lat' dir='ltr'>parvus</span> <span class='ocrx_word' id='word_1_91' title='bbox 470 1536 616 1597; x_wconf 86' lang='lat' dir='ltr'>servatus</span> <span class='ocrx_word' id='word_1_92' title='bbox 640 1536 698 1597; x_wconf 85' lang='lat' dir='ltr'>est.</span> <span class='ocrx_word' id='word_1_93' title='bbox 732 1531 901 1613; x_wconf 90' lang='lat' dir='ltr'>Ampliora</span> <span class='ocrx_word' id='word_1_94' title='bbox 922 1532 1104 1614; x_wconf 80' lang='lat' dir='ltr'>fragmenta</span> <span class='ocrx_word' id='word_1_95' title='bbox 1126 1531 1267 1614; x_wconf 88' lang='lat' dir='ltr'>quinque</span> <span class='ocrx_word' id='word_1_96' title='bbox 1284 1535 1369 1608; x_wconf 91' lang='lat' dir='ltr'>sunt,</span> 
     </span>
     <span class='ocr_line' id='line_1_11' title="bbox 76 1632 1369 1719; baseline -0.002 -20"><span class='ocrx_word' id='word_1_97' title='bbox 76 1655 218 1716; x_wconf 83' lang='lat' dir='ltr'>quomm</span> <span class='ocrx_word' id='word_1_98' title='bbox 233 1633 444 1719; x_wconf 80' lang='lat' dir='ltr'>maximum7)</span> <span class='ocrx_word' id='word_1_99' title='bbox 457 1654 569 1700; x_wconf 89' lang='lat' dir='ltr'>versus</span> <span class='ocrx_word' id='word_1_100' title='bbox 585 1636 634 1712; x_wconf 87' lang='lat'>19,</span> <span class='ocrx_word' id='word_1_101' title='bbox 647 1633 860 1718; x_wconf 74' lang='lat' dir='ltr'>secundumfl)</span> <span class='ocrx_word' id='word_1_102' title='bbox 876 1636 924 1711; x_wconf 85' lang='lat'>15,</span> <span class='ocrx_word' id='word_1_103' title='bbox 940 1632 1105 1719; x_wconf 77' lang='lat' dir='ltr'>tertium9)</span> <span class='ocrx_word' id='word_1_104' title='bbox 1118 1637 1150 1698; x_wconf 92' lang='lat' dir='ltr'>et</span> <span class='ocrx_word' id='word_1_105' title='bbox 1166 1637 1317 1714; x_wconf 86' lang='lat' dir='ltr'>quartum</span> <span class='ocrx_word' id='word_1_106' title='bbox 1327 1632 1369 1718; x_wconf 81' lang='grc'>10)</span> 
     </span>
     <span class='ocr_line' id='line_1_12' title="bbox 76 1736 1371 1821; baseline -0.002 -18"><span class='ocrx_word' id='word_1_107' title='bbox 76 1739 211 1820; x_wconf 90' lang='lat' dir='ltr'>quinos,</span> <span class='ocrx_word' id='word_1_108' title='bbox 234 1737 455 1821; x_wconf 72' lang='lat' dir='ltr'>mnumumss)</span> <span class='ocrx_word' id='word_1_109' title='bbox 485 1741 638 1820; x_wconf 89' lang='lat' dir='ltr'>quattuor</span> <span class='ocrx_word' id='word_1_110' title='bbox 672 1737 823 1803; x_wconf 90' lang='lat' dir='ltr'>continet.</span> <span class='ocrx_word' id='word_1_111' title='bbox 879 1739 927 1803; x_wconf 84' lang='lat' dir='ltr'>Ex</span> <span class='ocrx_word' id='word_1_112' title='bbox 953 1738 1004 1801; x_wconf 88' lang='lat' dir='ltr'>his</span> <span class='ocrx_word' id='word_1_113' title='bbox 1025 1738 1088 1801; x_wconf 90' lang='lat' dir='ltr'>tria</span> <span class='ocrx_word' id='word_1_114' title='bbox 1117 1737 1151 1800; x_wconf 91' lang='lat' dir='ltr'>in</span> <span class='ocrx_word' id='word_1_115' title='bbox 1180 1736 1245 1800; x_wconf 87' lang='lat' dir='ltr'>vini</span> <span class='ocrx_word' id='word_1_116' title='bbox 1273 1737 1371 1801; x_wconf 87' lang='lat' dir='ltr'>laude</span> 
     </span>
     <span class='ocr_line' id='line_1_13' title="bbox 75 1840 1370 1923; baseline -0.002 -18"><span class='ocrx_word' id='word_1_117' title='bbox 75 1846 261 1920; x_wconf 88' lang='lat' dir='ltr'>versantur,</span> <span class='ocrx_word' id='word_1_118' title='bbox 279 1841 367 1907; x_wconf 87' lang='lat' dir='ltr'>cuius</span> <span class='ocrx_word' id='word_1_119' title='bbox 384 1841 518 1907; x_wconf 83' lang='lat' dir='ltr'>virtutes</span> <span class='ocrx_word' id='word_1_120' title='bbox 538 1842 675 1906; x_wconf 86' lang='lat' dir='ltr'>efferens</span> <span class='ocrx_word' id='word_1_121' title='bbox 692 1846 801 1923; x_wconf 84' lang='lat' dir='ltr'>poeta,</span> <span class='ocrx_word' id='word_1_122' title='bbox 821 1862 895 1908; x_wconf 88' lang='lat' dir='ltr'>oum</span> <span class='ocrx_word' id='word_1_123' title='bbox 912 1840 1047 1905; x_wconf 89' lang='lat' dir='ltr'>bibendi</span> <span class='ocrx_word' id='word_1_124' title='bbox 1067 1841 1257 1922; x_wconf 84' lang='lat' dir='ltr'>magistrum</span> <span class='ocrx_word' id='word_1_125' title='bbox 1273 1858 1370 1921; x_wconf 91' lang='lat' dir='ltr'>prae-</span> 
     </span>
     <span class='ocr_line' id='line_1_14' title="bbox 13 1942 1369 2024; baseline -0.001 -16"><span class='ocrx_word' id='word_1_126' title='bbox 13 1989 14 1998; x_wconf 40' lang='lat'>1</span> <span class='ocrx_word' id='word_1_127' title='bbox 76 1946 175 2021; x_wconf 89' lang='lat' dir='ltr'>dicet,</span> <span class='ocrx_word' id='word_1_128' title='bbox 190 1949 302 2010; x_wconf 86' lang='lat' dir='ltr'>tamen</span> <span class='ocrx_word' id='word_1_129' title='bbox 319 1965 361 2011; x_wconf 92' lang='lat' dir='ltr'>ne</span> <span class='ocrx_word' id='word_1_130' title='bbox 377 1944 411 2012; x_wconf 91' lang='lat' dir='ltr'>in</span> <span class='ocrx_word' id='word_1_131' title='bbox 428 1943 573 2010; x_wconf 91' lang='lat' dir='ltr'>bibendo</span> <span class='ocrx_word' id='word_1_132' title='bbox 592 1945 710 2010; x_wconf 89' lang='lat' dir='ltr'>modus</span> <span class='ocrx_word' id='word_1_133' title='bbox 728 1946 911 2020; x_wconf 84' lang='lat' dir='ltr'>excedatur,</span> <span class='ocrx_word' id='word_1_134' title='bbox 935 1943 1064 2024; x_wconf 87' lang='lat' dir='ltr'>saepius</span> <span class='ocrx_word' id='word_1_135' title='bbox 1082 1943 1246 2008; x_wconf 89' lang='lat' dir='ltr'>admonet.</span> <span class='ocrx_word' id='word_1_136' title='bbox 1280 1942 1369 2006; x_wconf 89' lang='lat' dir='ltr'>Reli-</span> 
     </span>
     <span class='ocr_line' id='line_1_15' title="bbox 74 2045 1371 2132; baseline -0.001 -21"><span class='ocrx_word' id='word_1_137' title='bbox 74 2067 218 2129; x_wconf 82' lang='lat' dir='ltr'>quorum</span> <span class='ocrx_word' id='word_1_138' title='bbox 231 2048 333 2112; x_wconf 92' lang='lat' dir='ltr'>altero</span> <span class='ocrx_word' id='word_1_139' title='bbox 343 2045 384 2132; x_wconf 91' lang='lat'>¹¹)</span> <span class='ocrx_word' id='word_1_140' title='bbox 397 2051 613 2126; x_wconf 88' lang='lat' dir='ltr'>enumeratur,</span> <span class='ocrx_word' id='word_1_141' title='bbox 628 2049 683 2131; x_wconf 84' lang='lat' dir='ltr'>qui</span> <span class='ocrx_word' id='word_1_142' title='bbox 695 2050 861 2113; x_wconf 91' lang='lat' dir='ltr'>deorume</span> <span class='ocrx_word' id='word_1_143' title='bbox 878 2066 1014 2111; x_wconf 91' lang='lat' dir='ltr'>numero</span> <span class='ocrx_word' id='word_1_144' title='bbox 1033 2047 1066 2110; x_wconf 90' lang='lat' dir='ltr'>in</span> <span class='ocrx_word' id='word_1_145' title='bbox 1083 2047 1236 2111; x_wconf 88' lang='lat' dir='ltr'>servitute</span> <span class='ocrx_word' id='word_1_146' title='bbox 1251 2046 1371 2111; x_wconf 86' lang='lat' dir='ltr'>fuerint</span> 
     </span>
     <span class='ocr_line' id='line_1_16' title="bbox 76 2148 1370 2227; baseline -0.002 -13"><span class='ocrx_word' id='word_1_147' title='bbox 76 2151 214 2214; x_wconf 89' lang='lat' dir='ltr'>domino</span> <span class='ocrx_word' id='word_1_148' title='bbox 248 2152 378 2216; x_wconf 79' lang='lat' dir='ltr'>mortali</span> <span class='ocrx_word' id='word_1_149' title='bbox 411 2151 563 2227; x_wconf 87' lang='lat' dir='ltr'>subiecti,</span> <span class='ocrx_word' id='word_1_150' title='bbox 601 2150 739 2216; x_wconf 88' lang='lat' dir='ltr'>alterum</span> <span class='ocrx_word' id='word_1_151' title='bbox 771 2150 957 2215; x_wconf 89' lang='lat' dir='ltr'>nominibus</span> <span class='ocrx_word' id='word_1_152' title='bbox 991 2153 1120 2214; x_wconf 88' lang='lat' dir='ltr'>scatens</span> <span class='ocrx_word' id='word_1_153' title='bbox 1153 2151 1194 2213; x_wconf 89' lang='lat' dir='ltr'>de</span> <span class='ocrx_word' id='word_1_154' title='bbox 1227 2148 1370 2214; x_wconf 88' lang='lat' dir='ltr'>Tremilo</span> 
     </span>
     <span class='ocr_line' id='line_1_17' title="bbox 74 2246 1020 2337; baseline -0.001 -19"><span class='ocrx_word' id='word_1_155' title='bbox 74 2254 211 2335; x_wconf 84' lang='lat' dir='ltr'>gigante</span> <span class='ocrx_word' id='word_1_156' title='bbox 234 2254 367 2336; x_wconf 88' lang='lat' dir='ltr'>eiusque</span> <span class='ocrx_word' id='word_1_157' title='bbox 388 2272 488 2318; x_wconf 84' lang='lat' dir='ltr'>uxore</span> <span class='ocrx_word' id='word_1_158' title='bbox 511 2256 543 2316; x_wconf 90' lang='lat' dir='ltr'>et</span> <span class='ocrx_word' id='word_1_159' title='bbox 566 2251 640 2316; x_wconf 88' lang='lat' dir='ltr'>filiis</span> <span class='ocrx_word' id='word_1_160' title='bbox 663 2252 770 2337; x_wconf 89' lang='lat' dir='ltr'>est.¹⁰)</span> <span class='ocrx_word' id='word_1_161' title='bbox 1018 2246 1020 2250; x_wconf 69' lang='grc'><strong>’</strong></span> 
     </span>
    </p>

    <p class='ocr_par' dir='ltr' id='par_1_3' title="bbox 72 2353 1372 2850">
     <span class='ocr_line' id='line_1_18' title="bbox 166 2353 1370 2438; baseline 0 -19"><span class='ocrx_word' id='word_1_162' title='bbox 166 2356 257 2421; x_wconf 83' lang='grc' dir='ltr'><strong>Ηοοα</strong></span> <span class='ocrx_word' id='word_1_163' title='bbox 279 2356 460 2437; x_wconf 80' lang='lat' dir='ltr'>fragmenta</span> <span class='ocrx_word' id='word_1_164' title='bbox 482 2357 641 2436; x_wconf 90' lang='lat' dir='ltr'>quantum</span> <span class='ocrx_word' id='word_1_165' title='bbox 668 2355 815 2420; x_wconf 88' lang='lat' dir='ltr'>videmus</span> <span class='ocrx_word' id='word_1_166' title='bbox 844 2360 977 2438; x_wconf 88' lang='lat' dir='ltr'>poetam</span> <span class='ocrx_word' id='word_1_167' title='bbox 1005 2354 1148 2419; x_wconf 88' lang='lat' dir='ltr'>indicant</span> <span class='ocrx_word' id='word_1_168' title='bbox 1175 2353 1263 2418; x_wconf 88' lang='lat' dir='ltr'>haud</span> <span class='ocrx_word' id='word_1_169' title='bbox 1292 2373 1370 2419; x_wconf 90' lang='lat' dir='ltr'>con-</span> 
     </span>
     <span class='ocr_line' id='line_1_19' title="bbox 73 2453 1372 2540; baseline -0.002 -16"><span class='ocrx_word' id='word_1_170' title='bbox 73 2459 305 2538; x_wconf 88' lang='lat' dir='ltr'>temnendum,</span> <span class='ocrx_word' id='word_1_171' title='bbox 327 2457 445 2540; x_wconf 83' lang='lat' dir='ltr'>ingenii</span> <span class='ocrx_word' id='word_1_172' title='bbox 467 2458 577 2539; x_wconf 76' lang='lat' dir='ltr'>magni</span> <span class='ocrx_word' id='word_1_173' title='bbox 600 2461 631 2522; x_wconf 89' lang='lat' dir='ltr'>et</span> <span class='ocrx_word' id='word_1_174' title='bbox 653 2459 778 2536; x_wconf 65' lang='lat' dir='ltr'>alacris</span> <span class='ocrx_word' id='word_1_175' title='bbox 801 2459 995 2540; x_wconf 84' lang='lat' dir='ltr'>imaginibus</span> <span class='ocrx_word' id='word_1_176' title='bbox 1012 2455 1170 2539; x_wconf 88' lang='lat' dir='ltr'>expressis</span> <span class='ocrx_word' id='word_1_177' title='bbox 1181 2453 1223 2540; x_wconf 73' lang='grc'>12)</span> <span class='ocrx_word' id='word_1_178' title='bbox 1247 2459 1279 2521; x_wconf 89' lang='lat' dir='ltr'>et</span> <span class='ocrx_word' id='word_1_179' title='bbox 1299 2476 1372 2522; x_wconf 90' lang='lat' dir='ltr'>cum</span> 
     </span>
     <span class='ocr_line' id='line_1_20' title="bbox 72 2559 1371 2644; baseline -0.002 -17"><span class='ocrx_word' id='word_1_180' title='bbox 72 2582 189 2627; x_wconf 85' lang='lat' dir='ltr'>rerum</span> <span class='ocrx_word' id='word_1_181' title='bbox 210 2561 367 2627; x_wconf 85' lang='lat' dir='ltr'>varietate</span> <span class='ocrx_word' id='word_1_182' title='bbox 390 2561 532 2642; x_wconf 89' lang='lat' dir='ltr'>quadam</span> <span class='ocrx_word' id='word_1_183' title='bbox 555 2561 723 2644; x_wconf 87' lang='lat' dir='ltr'>descriptis</span> <span class='ocrx_word' id='word_1_184' title='bbox 734 2559 775 2644; x_wconf 83' lang='grc'>13)</span> <span class='ocrx_word' id='word_1_185' title='bbox 798 2561 972 2643; x_wconf 78' lang='lat' dir='ltr'>insignem,</span> <span class='ocrx_word' id='word_1_186' title='bbox 1000 2561 1034 2624; x_wconf 90' lang='lat' dir='ltr'>in</span> <span class='ocrx_word' id='word_1_187' title='bbox 1064 2579 1217 2625; x_wconf 89' lang='lat' dir='ltr'>versuum</span> <span class='ocrx_word' id='word_1_188' title='bbox 1245 2563 1276 2624; x_wconf 91' lang='lat' dir='ltr'>et</span> <span class='ocrx_word' id='word_1_189' title='bbox 1298 2581 1371 2625; x_wconf 85' lang='lat' dir='ltr'>ver-</span> 
     </span>
     <span class='ocr_line' id='line_1_21' title="bbox 72 2663 1371 2746; baseline 0 -17"><span class='ocrx_word' id='word_1_190' title='bbox 72 2667 206 2730; x_wconf 87' lang='lat' dir='ltr'>borum</span> <span class='ocrx_word' id='word_1_191' title='bbox 223 2663 457 2744; x_wconf 87' lang='lat' dir='ltr'>compositione</span> <span class='ocrx_word' id='word_1_192' title='bbox 479 2663 600 2744; x_wconf 89' lang='lat' dir='ltr'>pariter</span> <span class='ocrx_word' id='word_1_193' title='bbox 622 2664 832 2729; x_wconf 88' lang='lat' dir='ltr'>artificiosum</span> <span class='ocrx_word' id='word_1_194' title='bbox 859 2668 957 2746; x_wconf 85' lang='lat' dir='ltr'>atque</span> <span class='ocrx_word' id='word_1_195' title='bbox 984 2664 1089 2728; x_wconf 91' lang='lat' dir='ltr'>levem</span> <span class='ocrx_word' id='word_1_196' title='bbox 1119 2667 1151 2727; x_wconf 92' lang='lat' dir='ltr'>et</span> <span class='ocrx_word' id='word_1_197' title='bbox 1180 2663 1371 2745; x_wconf 84' lang='lat' dir='ltr'>elegantem,</span> 
     </span>
     <span class='ocr_line' id='line_1_22' title="bbox 74 2764 950 2850; baseline -0.001 -18"><span class='ocrx_word' id='word_1_198' title='bbox 74 2767 216 2832; x_wconf 89' lang='lat' dir='ltr'>omnino</span> <span class='ocrx_word' id='word_1_199' title='bbox 239 2767 318 2830; x_wconf 89' lang='lat' dir='ltr'>artis</span> <span class='ocrx_word' id='word_1_200' title='bbox 340 2765 410 2831; x_wconf 85' lang='lat' dir='ltr'>sine</span> <span class='ocrx_word' id='word_1_201' title='bbox 431 2766 552 2831; x_wconf 84' lang='lat' dir='ltr'>laboris</span> <span class='ocrx_word' id='word_1_202' title='bbox 576 2768 682 2846; x_wconf 88' lang='lat' dir='ltr'>specie</span> <span class='ocrx_word' id='word_1_203' title='bbox 704 2764 950 2850; x_wconf 81' lang='lat' dir='ltr'>studiosum.¹⁴)</span> 
     </span>
    </p>
   </div>
   <div class='ocr_carea' id='block_1_2' title="bbox 71 2919 1416 4709">
    <p class='ocr_par' dir='ltr' id='par_1_4' title="bbox 71 2919 1416 4709">
     <span class='ocr_line' id='line_1_23' title="bbox 169 2919 540 2989; baseline -0.011 -13"><span class='ocrx_word' id='word_1_204' title='bbox 169 2919 192 2989; x_wconf 88' lang='grc'>1)</span> <span class='ocrx_word' id='word_1_205' title='bbox 223 2923 257 2976; x_wconf 83' lang='lat' dir='ltr'>cf.</span> <span class='ocrx_word' id='word_1_206' title='bbox 275 2920 369 2975; x_wconf 87' lang='lat' dir='ltr'>Tzseh.</span> <span class='ocrx_word' id='word_1_207' title='bbox 387 2921 420 2974; x_wconf 83' lang='lat' dir='ltr'>tr.</span> <span class='ocrx_word' id='word_1_208' title='bbox 437 2921 453 2974; x_wconf 68' lang='lat'><strong>2</strong></span> <span class='ocrx_word' id='word_1_209' title='bbox 471 2926 497 2975; x_wconf 87' lang='lat' dir='ltr'>et</span> <span class='ocrx_word' id='word_1_210' title='bbox 515 2921 540 2972; x_wconf 85' lang='lat'>7.</span> 
     </span>
     <span class='ocr_line' id='line_1_24' title="bbox 167 3006 487 3076; baseline 0.013 -16"><span class='ocrx_word' id='word_1_211' title='bbox 167 3006 190 3076; x_wconf 76' lang='lat'>²)</span> <span class='ocrx_word' id='word_1_212' title='bbox 217 3007 261 3062; x_wconf 84' lang='lat' dir='ltr'>Tz.</span> <span class='ocrx_word' id='word_1_213' title='bbox 281 3007 330 3075; x_wconf 76' lang='lat' dir='ltr'>irg.</span> <span class='ocrx_word' id='word_1_214' title='bbox 352 3007 427 3061; x_wconf 78' lang='lat' dir='ltr'>idel</span> <span class='ocrx_word' id='word_1_215' title='bbox 447 3007 487 3064; x_wconf 73' lang='lat'>19.</span> 
     </span>
     <span class='ocr_line' id='line_1_25' title="bbox 168 3090 417 3161; baseline -0.032 -8"><span class='ocrx_word' id='word_1_216' title='bbox 168 3090 193 3161; x_wconf 86' lang='lat'>³)</span> <span class='ocrx_word' id='word_1_217' title='bbox 221 3091 289 3154; x_wconf 82' lang='lat' dir='ltr'>thid.</span> <span class='ocrx_word' id='word_1_218' title='bbox 307 3093 357 3161; x_wconf 71' lang='lat' dir='ltr'>frg.</span> <span class='ocrx_word' id='word_1_219' title='bbox 376 3091 417 3146; x_wconf 88' lang='grc'>31.</span> 
     </span>
     <span class='ocr_line' id='line_1_26' title="bbox 167 3176 439 3247; baseline -0.007 -15"><span class='ocrx_word' id='word_1_220' title='bbox 167 3176 191 3247; x_wconf 80' lang='lat'>⁴)</span> <span class='ocrx_word' id='word_1_221' title='bbox 218 3178 286 3232; x_wconf 88' lang='lat' dir='ltr'>Ibid.</span> <span class='ocrx_word' id='word_1_222' title='bbox 304 3179 354 3247; x_wconf 74' lang='lat' dir='ltr'>frg.</span> <span class='ocrx_word' id='word_1_223' title='bbox 373 3177 397 3231; x_wconf 68' lang='lat'>2.</span> <span class='ocrx_word' id='word_1_224' title='bbox 416 3178 439 3232; x_wconf 92' lang='lat'>3.</span> 
     </span>
     <span class='ocr_line' id='line_1_27' title="bbox 168 3263 396 3332; baseline 0.004 -15"><span class='ocrx_word' id='word_1_225' title='bbox 168 3264 190 3329; x_wconf 83' lang='lat'>⁵)</span> <span class='ocrx_word' id='word_1_226' title='bbox 217 3263 285 3318; x_wconf 90' lang='lat' dir='ltr'>Ibid.</span> <span class='ocrx_word' id='word_1_227' title='bbox 302 3265 353 3332; x_wconf 72' lang='lat' dir='ltr'>ing.</span> <span class='ocrx_word' id='word_1_228' title='bbox 372 3264 396 3318; x_wconf 89' lang='grc'>7,</span> 
     </span>
     <span class='ocr_line' id='line_1_28' title="bbox 167 3344 1375 3420; baseline -0.004 -17"><span class='ocrx_word' id='word_1_229' title='bbox 167 3344 190 3416; x_wconf 75' lang='lat'>⁶)</span> <span class='ocrx_word' id='word_1_230' title='bbox 218 3350 317 3404; x_wconf 88' lang='lat' dir='ltr'>Strom.</span> <span class='ocrx_word' id='word_1_231' title='bbox 336 3351 381 3405; x_wconf 88' lang='lat' dir='ltr'>Vl.</span> <span class='ocrx_word' id='word_1_232' title='bbox 401 3350 430 3404; x_wconf 68' lang='lat'>2.</span> <span class='ocrx_word' id='word_1_233' title='bbox 449 3350 491 3404; x_wconf 67' lang='lat'>95.</span> <span class='ocrx_word' id='word_1_234' title='bbox 528 3349 672 3408; x_wconf 77' lang='grc' dir='ltr'><strong>αὐτοτελῶς</strong></span> <span class='ocrx_word' id='word_1_235' title='bbox 696 3351 744 3420; x_wconf 73' lang='grc' dir='ltr'>γὰρ</span> <span class='ocrx_word' id='word_1_236' title='bbox 768 3348 801 3402; x_wconf 76' lang='grc' dir='ltr'>τὰ</span> <span class='ocrx_word' id='word_1_237' title='bbox 819 3351 913 3418; x_wconf 78' lang='grc' dir='ltr'><strong>ἱτίρων</strong></span> <span class='ocrx_word' id='word_1_238' title='bbox 933 3349 1083 3418; x_wconf 78' lang='grc' dir='ltr'><strong>ὑφελόμενοι</strong></span> <span class='ocrx_word' id='word_1_239' title='bbox 1105 3349 1140 3407; x_wconf 80' lang='grc' dir='ltr'>ὡς</span> <span class='ocrx_word' id='word_1_240' title='bbox 1160 3348 1211 3400; x_wconf 70' lang='lat' dir='ltr'>tera</span> <span class='ocrx_word' id='word_1_241' title='bbox 1229 3346 1375 3418; x_wconf 64' lang='grc' dir='ltr'><strong>ἐξήνεγκαν,</strong></span> 
     </span>
     <span class='ocr_line' id='line_1_29' title="bbox 71 3431 1375 3508; baseline -0.002 -19"><span class='ocrx_word' id='word_1_242' title='bbox 71 3434 198 3504; x_wconf 71' lang='grc' dir='ltr'><strong>καθάπερ</strong></span> <span class='ocrx_word' id='word_1_243' title='bbox 222 3431 351 3506; x_wconf 73' lang='grc' dir='ltr'><strong>Είράμων</strong></span> <span class='ocrx_word' id='word_1_244' title='bbox 374 3435 388 3490; x_wconf 81' lang='grc' dir='ltr'>ὁ</span> <span class='ocrx_word' id='word_1_245' title='bbox 412 3431 558 3508; x_wconf 83' lang='grc' dir='ltr'><strong>Κυρηναῖος</strong></span> <span class='ocrx_word' id='word_1_246' title='bbox 583 3436 612 3490; x_wconf 76' lang='lat' dir='ltr'>la</span> <span class='ocrx_word' id='word_1_247' title='bbox 634 3432 767 3490; x_wconf 76' lang='grc' dir='ltr'><strong>Μουσαίου</strong></span> <span class='ocrx_word' id='word_1_248' title='bbox 788 3435 818 3488; x_wconf 83' lang='grc' dir='ltr'>τὸ</span> <span class='ocrx_word' id='word_1_249' title='bbox 840 3436 897 3506; x_wconf 81' lang='grc' dir='ltr'><strong>περὶ</strong></span> <span class='ocrx_word' id='word_1_250' title='bbox 922 3431 1082 3505; x_wconf 75' lang='grc' dir='ltr'><strong>Θεσπρωτῶν</strong></span> <span class='ocrx_word' id='word_1_251' title='bbox 1108 3433 1204 3504; x_wconf 76' lang='grc' dir='ltr'><strong>βιβλίον</strong></span> <span class='ocrx_word' id='word_1_252' title='bbox 1223 3432 1375 3503; x_wconf 70' lang='grc' dir='ltr'><strong>ὁλόκληρον,</strong></span> 
     </span>
     <span class='ocr_line' id='line_1_30' title="bbox 71 3516 1375 3592; baseline -0.002 -16"><span class='ocrx_word' id='word_1_253' title='bbox 71 3523 121 3576; x_wconf 72' lang='grc' dir='ltr'>καὶ</span> <span class='ocrx_word' id='word_1_254' title='bbox 140 3517 294 3590; x_wconf 76' lang='grc' dir='ltr'><strong>Πείσανδρος</strong></span> <span class='ocrx_word' id='word_1_255' title='bbox 313 3517 455 3592; x_wconf 79' lang='grc' dir='ltr'><strong>Καμειρεὺς</strong></span> <span class='ocrx_word' id='word_1_256' title='bbox 473 3521 576 3576; x_wconf 88' lang='grc' dir='ltr'><strong>[ίισίνου</strong></span> <span class='ocrx_word' id='word_1_257' title='bbox 594 3523 639 3574; x_wconf 79' lang='grc' dir='ltr'>τοῦ</span> <span class='ocrx_word' id='word_1_258' title='bbox 657 3518 761 3574; x_wconf 80' lang='grc' dir='ltr'><strong>Λινδίου</strong></span> <span class='ocrx_word' id='word_1_259' title='bbox 778 3523 825 3590; x_wconf 76' lang='grc' dir='ltr'>τὴν</span> <span class='ocrx_word' id='word_1_260' title='bbox 838 3517 1009 3590; x_wconf 77' lang='grc' dir='ltr'><strong>Ἡράκλειαν,</strong></span> <span class='ocrx_word' id='word_1_261' title='bbox 1033 3518 1160 3579; x_wconf 84' lang='grc' dir='ltr'><strong>Πανύασίς</strong></span> <span class='ocrx_word' id='word_1_262' title='bbox 1178 3539 1206 3572; x_wconf 88' lang='grc' dir='ltr'>τε</span> <span class='ocrx_word' id='word_1_263' title='bbox 1224 3519 1238 3573; x_wconf 83' lang='grc' dir='ltr'>ὁ</span> <span class='ocrx_word' id='word_1_264' title='bbox 1253 3516 1375 3590; x_wconf 72' lang='lat' dir='ltr'>‘Almop-</span> 
     </span>
     <span class='ocr_line' id='line_1_31' title="bbox 71 3601 877 3679; baseline 0.001 -20"><span class='ocrx_word' id='word_1_265' title='bbox 71 3606 186 3665; x_wconf 82' lang='grc' dir='ltr'><strong>ναασεὺς</strong></span> <span class='ocrx_word' id='word_1_266' title='bbox 204 3601 365 3679; x_wconf 79' lang='grc' dir='ltr'><strong>Κρεωφύλου</strong></span> <span class='ocrx_word' id='word_1_267' title='bbox 383 3610 428 3666; x_wconf 77' lang='grc' dir='ltr'>τοῦ</span> <span class='ocrx_word' id='word_1_268' title='bbox 447 3605 546 3675; x_wconf 85' lang='grc' dir='ltr'><strong>Σαμίου</strong></span> <span class='ocrx_word' id='word_1_269' title='bbox 563 3610 611 3677; x_wconf 84' lang='grc' dir='ltr'>τὴν</span> <span class='ocrx_word' id='word_1_270' title='bbox 630 3603 755 3678; x_wconf 78' lang='grc' dir='ltr'><strong>Οἰχαλίας</strong></span> <span class='ocrx_word' id='word_1_271' title='bbox 774 3603 877 3660; x_wconf 80' lang='grc' dir='ltr'><strong>ἅλωσιν.</strong></span> 
     </span>
     <span class='ocr_line' id='line_1_32' title="bbox 168 3690 748 3764; baseline -0.002 -17"><span class='ocrx_word' id='word_1_272' title='bbox 168 3690 191 3761; x_wconf 80' lang='lat'>⁷)</span> <span class='ocrx_word' id='word_1_273' title='bbox 218 3693 299 3761; x_wconf 83' lang='lat' dir='ltr'>Apud</span> <span class='ocrx_word' id='word_1_274' title='bbox 316 3691 456 3748; x_wconf 85' lang='lat' dir='ltr'>Tzschirn.</span> <span class='ocrx_word' id='word_1_275' title='bbox 474 3694 524 3764; x_wconf 71' lang='lat' dir='ltr'>srg.</span> <span class='ocrx_word' id='word_1_276' title='bbox 544 3695 584 3748; x_wconf 89' lang='lat'>17.</span> <span class='ocrx_word' id='word_1_277' title='bbox 602 3710 628 3764; x_wconf 90' lang='lat' dir='ltr'>p.</span> <span class='ocrx_word' id='word_1_278' title='bbox 646 3693 687 3749; x_wconf 83' lang='lat'>53.</span> <span class='ocrx_word' id='word_1_279' title='bbox 706 3693 748 3747; x_wconf 74' lang='lat'>54.</span> 
     </span>
     <span class='ocr_line' id='line_1_33' title="bbox 167 3776 588 3847; baseline 0.002 -16"><span class='ocrx_word' id='word_1_280' title='bbox 167 3776 192 3846; x_wconf 76' lang='lat'>⁸)</span> <span class='ocrx_word' id='word_1_281' title='bbox 217 3779 285 3832; x_wconf 90' lang='lat' dir='ltr'>Ibid.</span> <span class='ocrx_word' id='word_1_282' title='bbox 303 3779 354 3847; x_wconf 71' lang='lat' dir='ltr'>frg.</span> <span class='ocrx_word' id='word_1_283' title='bbox 373 3779 415 3833; x_wconf 66' lang='lat'>20.</span> <span class='ocrx_word' id='word_1_284' title='bbox 442 3796 468 3847; x_wconf 91' lang='lat' dir='ltr'>p.</span> <span class='ocrx_word' id='word_1_285' title='bbox 487 3781 528 3834; x_wconf 82' lang='lat'>56.</span> <span class='ocrx_word' id='word_1_286' title='bbox 546 3779 588 3833; x_wconf 84' lang='lat'>57.</span> 
     </span>
     <span class='ocr_line' id='line_1_34' title="bbox 167 3863 530 3934; baseline 0.003 -16"><span class='ocrx_word' id='word_1_287' title='bbox 167 3863 193 3932; x_wconf 79' lang='lat'>⁹)</span> <span class='ocrx_word' id='word_1_288' title='bbox 219 3865 287 3918; x_wconf 88' lang='lat' dir='ltr'>lbid.</span> <span class='ocrx_word' id='word_1_289' title='bbox 307 3865 355 3934; x_wconf 75' lang='lat' dir='ltr'>frg.</span> <span class='ocrx_word' id='word_1_290' title='bbox 376 3867 416 3920; x_wconf 90' lang='lat'>18.</span> <span class='ocrx_word' id='word_1_291' title='bbox 443 3882 469 3934; x_wconf 90' lang='lat' dir='ltr'>p.</span> <span class='ocrx_word' id='word_1_292' title='bbox 488 3866 530 3920; x_wconf 87' lang='grc'>55.</span> 
     </span>
     <span class='ocr_line' id='line_1_35' title="bbox 156 3949 528 4020; baseline 0.003 -17"><span class='ocrx_word' id='word_1_293' title='bbox 156 3949 193 4018; x_wconf 83' lang='lat' dir='ltr'>l⁰)</span> <span class='ocrx_word' id='word_1_294' title='bbox 218 3950 286 4004; x_wconf 88' lang='lat' dir='ltr'>ibid.</span> <span class='ocrx_word' id='word_1_295' title='bbox 304 3951 354 4019; x_wconf 72' lang='lat' dir='ltr'>ug.</span> <span class='ocrx_word' id='word_1_296' title='bbox 373 3952 413 4006; x_wconf 93' lang='grc'>15.</span> <span class='ocrx_word' id='word_1_297' title='bbox 440 3968 466 4020; x_wconf 92' lang='lat' dir='ltr'>p.</span> <span class='ocrx_word' id='word_1_298' title='bbox 485 3953 528 4005; x_wconf 89' lang='grc'>51.</span> 
     </span>
     <span class='ocr_line' id='line_1_36' title="bbox 157 4034 527 4104; baseline 0 -14"><span class='ocrx_word' id='word_1_299' title='bbox 157 4034 527 4104; x_wconf 53' lang='lat' dir='ltr'>lfflfflmfflpffi</span> 
     </span>
     <span class='ocr_line' id='line_1_37' title="bbox 156 4119 1377 4191; baseline -0.002 -15"><span class='ocrx_word' id='word_1_300' title='bbox 156 4120 191 4190; x_wconf 76' lang='grc' dir='ltr'>υ)</span> <span class='ocrx_word' id='word_1_301' title='bbox 218 4123 267 4191; x_wconf 71' lang='lat' dir='ltr'>ng.</span> <span class='ocrx_word' id='word_1_302' title='bbox 288 4122 327 4175; x_wconf 87' lang='grc' dir='ltr'>ιι.</span> <span class='ocrx_word' id='word_1_303' title='bbox 356 4137 380 4175; x_wconf 87' lang='lat' dir='ltr'>v.</span> <span class='ocrx_word' id='word_1_304' title='bbox 399 4122 475 4188; x_wconf 79' lang='grc' dir='ltr'><strong>ι-ιν,</strong></span> <span class='ocrx_word' id='word_1_305' title='bbox 496 4124 605 4189; x_wconf 82' lang='grc' dir='ltr'><strong>ιν-ιο,</strong></span> <span class='ocrx_word' id='word_1_306' title='bbox 627 4123 779 4178; x_wconf 80' lang='lat' dir='ltr'>rara-</span> <span class='ocrx_word' id='word_1_307' title='bbox 800 4119 834 4188; x_wconf 85' lang='lat'>1³)</span> <span class='ocrx_word' id='word_1_308' title='bbox 863 4122 911 4189; x_wconf 67' lang='lat' dir='ltr'>ng.</span> <span class='ocrx_word' id='word_1_309' title='bbox 932 4122 971 4175; x_wconf 88' lang='lat'>18.</span> <span class='ocrx_word' id='word_1_310' title='bbox 999 4121 1048 4189; x_wconf 72' lang='lat' dir='ltr'>ng.</span> <span class='ocrx_word' id='word_1_311' title='bbox 1069 4122 1108 4175; x_wconf 85' lang='lat' dir='ltr'>n.</span> <span class='ocrx_word' id='word_1_312' title='bbox 1130 4121 1239 4175; x_wconf 83' lang='lat' dir='ltr'>m-1o.</span> <span class='ocrx_word' id='word_1_313' title='bbox 1267 4123 1316 4189; x_wconf 69' lang='lat' dir='ltr'>eg.</span> <span class='ocrx_word' id='word_1_314' title='bbox 1335 4121 1377 4174; x_wconf 81' lang='grc' dir='ltr'>ιι.</span> 
     </span>
     <span class='ocr_line' id='line_1_38' title="bbox 157 4205 1375 4278; baseline -0.001 -16"><span class='ocrx_word' id='word_1_315' title='bbox 157 4205 192 4276; x_wconf 80' lang='lat'>14)</span> <span class='ocrx_word' id='word_1_316' title='bbox 220 4207 313 4278; x_wconf 75' lang='lat' dir='ltr'>Longe</span> <span class='ocrx_word' id='word_1_317' title='bbox 331 4208 474 4276; x_wconf 87' lang='lat' dir='ltr'>aptissimi,</span> <span class='ocrx_word' id='word_1_318' title='bbox 499 4210 546 4278; x_wconf 89' lang='lat' dir='ltr'>qui</span> <span class='ocrx_word' id='word_1_319' title='bbox 568 4209 606 4264; x_wconf 88' lang='lat' dir='ltr'>rei</span> <span class='ocrx_word' id='word_1_320' title='bbox 629 4209 792 4264; x_wconf 85' lang='lat' dir='ltr'>documento</span> <span class='ocrx_word' id='word_1_321' title='bbox 811 4206 877 4270; x_wconf 88' lang='lat' dir='ltr'>sint,</span> <span class='ocrx_word' id='word_1_322' title='bbox 900 4206 929 4262; x_wconf 91' lang='lat' dir='ltr'>hi</span> <span class='ocrx_word' id='word_1_323' title='bbox 946 4223 1040 4262; x_wconf 86' lang='lat' dir='ltr'>versus</span> <span class='ocrx_word' id='word_1_324' title='bbox 1063 4208 1143 4261; x_wconf 84' lang='lat' dir='ltr'>nobis</span> <span class='ocrx_word' id='word_1_325' title='bbox 1163 4207 1286 4261; x_wconf 86' lang='lat' dir='ltr'>videntur</span> <span class='ocrx_word' id='word_1_326' title='bbox 1303 4222 1375 4261; x_wconf 87' lang='lat' dir='ltr'>esse:</span> 
     </span>
     <span class='ocr_line' id='line_1_39' title="bbox 76 4285 1416 4364; baseline -0.004 -13"><span class='ocrx_word' id='word_1_327' title='bbox 76 4296 166 4351; x_wconf 88' lang='lat' dir='ltr'>Clem.</span> <span class='ocrx_word' id='word_1_328' title='bbox 185 4294 261 4348; x_wconf 86' lang='lat' dir='ltr'>Alex.</span> <span class='ocrx_word' id='word_1_329' title='bbox 278 4295 365 4348; x_wconf 89' lang='lat' dir='ltr'>Protr.</span> <span class='ocrx_word' id='word_1_330' title='bbox 383 4294 416 4348; x_wconf 92' lang='lat' dir='ltr'>ll.</span> <span class='ocrx_word' id='word_1_331' title='bbox 435 4295 477 4349; x_wconf 84' lang='lat'>35.</span> <span class='ocrx_word' id='word_1_332' title='bbox 512 4294 593 4364; x_wconf 82' lang='lat' dir='ltr'>Apud</span> <span class='ocrx_word' id='word_1_333' title='bbox 610 4294 816 4350; x_wconf 85' lang='lat' dir='ltr'>Tzsohirnerurn</span> <span class='ocrx_word' id='word_1_334' title='bbox 834 4292 882 4361; x_wconf 69' lang='lat' dir='ltr'>lrg.</span> <span class='ocrx_word' id='word_1_335' title='bbox 902 4293 943 4346; x_wconf 66' lang='grc' dir='ltr'>λλ</span> <span class='ocrx_word' id='word_1_336' title='bbox 962 4310 987 4361; x_wconf 91' lang='lat' dir='ltr'>p.</span> <span class='ocrx_word' id='word_1_337' title='bbox 1006 4293 1048 4348; x_wconf 89' lang='grc'>63.</span> <span class='ocrx_word' id='word_1_338' title='bbox 1074 4285 1076 4290; x_wconf 75' lang='grc'><strong>’</strong></span> <span class='ocrx_word' id='word_1_339' title='bbox 1415 4295 1416 4300; x_wconf 77' lang='grc'>’</span> 
     </span>
     <span class='ocr_line' id='line_1_40' title="bbox 410 4374 1100 4451; baseline -0.006 -17"><span class='ocrx_word' id='word_1_340' title='bbox 410 4378 465 4450; x_wconf 89' lang='grc' dir='ltr'>Τλῆ</span> <span class='ocrx_word' id='word_1_341' title='bbox 486 4381 532 4448; x_wconf 76' lang='grc' dir='ltr'>μὲν</span> <span class='ocrx_word' id='word_1_342' title='bbox 550 4377 686 4451; x_wconf 77' lang='grc' dir='ltr'><strong>Δημήτηρ,</strong></span> <span class='ocrx_word' id='word_1_343' title='bbox 701 4380 752 4448; x_wconf 85' lang='grc' dir='ltr'><strong>,τλῆ</strong></span> <span class='ocrx_word' id='word_1_344' title='bbox 773 4379 800 4432; x_wconf 78' lang='lat' dir='ltr'>n</span> <span class='ocrx_word' id='word_1_345' title='bbox 818 4378 908 4440; x_wconf 68' lang='grc' dir='ltr'><strong>κλυτὸς</strong></span> <span class='ocrx_word' id='word_1_346' title='bbox 924 4374 1100 4449; x_wconf 74' lang='grc' dir='ltr'><strong>Ἀμφιγυήεις,</strong></span> 
     </span>
     <span class='ocr_line' id='line_1_41' title="bbox 340 4460 1108 4538; baseline -0.004 -20"><span class='ocrx_word' id='word_1_347' title='bbox 340 4466 388 4536; x_wconf 89' lang='grc' dir='ltr'>τλῆ</span> <span class='ocrx_word' id='word_1_348' title='bbox 409 4467 435 4519; x_wconf 82' lang='grc' dir='ltr'>δὲ</span> <span class='ocrx_word' id='word_1_349' title='bbox 454 4465 609 4532; x_wconf 81' lang='grc' dir='ltr'><strong>Ποσειδάων,</strong></span> <span class='ocrx_word' id='word_1_350' title='bbox 628 4467 676 4536; x_wconf 87' lang='grc' dir='ltr'>τλῆ</span> <span class='ocrx_word' id='word_1_351' title='bbox 696 4463 894 4538; x_wconf 73' lang='grc' dir='ltr'><strong>δ’ἀρηυρυτίξος</strong></span> <span class='ocrx_word' id='word_1_352' title='bbox 913 4460 1048 4518; x_wconf 73' lang='grc' dir='ltr'><strong>Ἀτίλλων</strong></span> <span class='ocrx_word' id='word_1_353' title='bbox 1104 4467 1108 4476; x_wconf 93' lang='grc'><strong>’</strong></span> 
     </span>
     <span class='ocr_line' id='line_1_42' title="bbox 340 4550 962 4624; baseline -0.003 -21"><span class='ocrx_word' id='word_1_354' title='bbox 340 4552 412 4623; x_wconf 79' lang='grc' dir='ltr'><strong>ἀνδρί</strong></span> <span class='ocrx_word' id='word_1_355' title='bbox 430 4553 499 4622; x_wconf 80' lang='grc' dir='ltr'><strong>παρὰ</strong></span> <span class='ocrx_word' id='word_1_356' title='bbox 516 4552 605 4624; x_wconf 74' lang='grc' dir='ltr'><strong>θνητῷ</strong></span> <span class='ocrx_word' id='word_1_357' title='bbox 626 4550 768 4623; x_wconf 77' lang='grc' dir='ltr'><strong>θητιύιμιν</strong></span> <span class='ocrx_word' id='word_1_358' title='bbox 788 4552 821 4611; x_wconf 81' lang='grc' dir='ltr'>είς</span> <span class='ocrx_word' id='word_1_359' title='bbox 840 4551 962 4606; x_wconf 81' lang='grc' dir='ltr'><strong>ίνιαυτίν·</strong></span> 
     </span>
     <span class='ocr_line' id='line_1_43' title="bbox 340 4633 1109 4709; baseline -0.005 -17"><span class='ocrx_word' id='word_1_360' title='bbox 340 4638 388 4709; x_wconf 83' lang='grc' dir='ltr'>τλῆ</span> <span class='ocrx_word' id='word_1_361' title='bbox 408 4639 436 4692; x_wconf 76' lang='grc' dir='ltr'>δὲ</span> <span class='ocrx_word' id='word_1_362' title='bbox 453 4639 498 4691; x_wconf 75' lang='grc' dir='ltr'>ταί</span> <span class='ocrx_word' id='word_1_363' title='bbox 517 4637 711 4709; x_wconf 81' lang='grc' dir='ltr'><strong>ὀμβριμόίλυμος</strong></span> <span class='ocrx_word' id='word_1_364' title='bbox 724 4633 804 4708; x_wconf 74' lang='grc' dir='ltr'><strong>Ἀρηα</strong></span> <span class='ocrx_word' id='word_1_365' title='bbox 823 4636 870 4690; x_wconf 81' lang='grc' dir='ltr'>ὑπὸ</span> <span class='ocrx_word' id='word_1_366' title='bbox 888 4637 983 4704; x_wconf 80' lang='grc' dir='ltr'><strong>πατρὸς</strong></span> <span class='ocrx_word' id='word_1_367' title='bbox 1001 4637 1109 4708; x_wconf 79' lang='grc' dir='ltr'>ἀνάγκη.</span> 
     </span>
    </p>
   </div>
   <div class='ocr_carea' id='block_1_3' title="bbox 0 0 1670 5214">
    <p class='ocr_par' dir='ltr' id='par_1_5' title="bbox 0 0 1670 5214">
     <span class='ocr_line' id='line_1_44' title="bbox 0 0 1670 5214; baseline 0 3"><span class='ocrx_word' id='word_1_368' title='bbox 0 0 1670 5214; x_wconf 95' lang='lat' dir='ltr'> </span> 
     </span>
    </p>
   </div>
  </div>
 </body>
</html>
