3330 5214
671 408 882 472 -33-

215 580 246 642 4.
280 579 375 643 Dion.
398 579 471 642 Hal.
496 583 562 643 ant.
586 579 683 645 Rom.
705 579 759 657 Χί,
786 581 817 642 1:
852 587 912 652 τοῖς
934 605 967 644 τε
989 583 1045 666 γάρ
1068 585 1189 653 πολλοῖς
1213 582 1267 646 οὐκ
1298 584 1429 666 ἀπαρκεῖ

119 688 215 748 τοῦτο
247 685 336 767 μόνον
364 685 398 746 ἐκ
425 686 477 767 τῆς
507 685 632 769 ἱστορίας
661 686 846 770 παραλαβεῖν
870 671 914 747 ὅτι
935 687 984 747 τόν
1007 685 1150 768 Περσικδν
1172 686 1301 768 πόλεμον
1324 683 1356 748 ἶν’
1379 687 1426 748 ἐπὶ

120 785 233 850 τούτου
252 788 421 871 ποιήσωμαι
443 791 492 851 τδν
515 789 614 869 λόγον.
638 789 776 870 ἐνίκησαν
790 785 955 871 Ἀθηναῖοί
976 809 1009 849 τε
1031 789 1081 850 καί
1095 787 1321 871 Λακεδαιμόνιοι
1344 791 1425 852 δυοῖν

120 890 306 974 ναυμαχίαιν
328 892 378 953 καί
399 891 570 976 πεζομαχία
593 891 651 974 μιᾷ.

215 1001 246 1062 5.
280 999 382 1062 Thuc.
410 1000 433 1076 l,
462 1001 503 1063 23
529 1002 571 1064 1.:
605 1003 664 1065 τῶν
695 1003 728 1064 δὲ
760 1001 902 1085 πρότερον
933 1000 1028 1086 ἔργων
1057 1000 1191 1084 μέγιστον
1223 1003 1363 1087 ἐπράχθη
1392 1007 1425 1066 τδ

122 1103 273 1187 Μηδικόν·
302 1105 353 1167 καὶ
380 1108 468 1168 τοῦτο
499 1091 581 1188 ὅμως
612 1107 692 1168 δυοῖν
722 1105 899 1191 ναυμαχίαιν
928 1107 978 1168 καί
1005 1106 1202 1190 πεζομαχίαιν
1229 1111 1351 1190 ταχεῖαν
1373 1108 1426 1190 τὴν

122 1207 220 1291 κρίσιν
244 1205 326 1291 ἔσχε.

215 1317 245 1380 6.
280 1317 406 1381 Arrian.
431 1317 527 1380 anab.
551 1317 574 1394 Ι,
598 1318 628 1381 9.
651 1319 685 1381 5:
721 1323 761 1389 ὼς
783 1319 835 1401 τῆς
863 1342 895 1382 τε
923 1320 954 1381 ἐν
981 1321 1024 1404 τῷ
1047 1317 1175 1404 Μηδικῷ
1204 1319 1327 1403 πολέμῳ
1355 1343 1425 1404 προ-

122 1421 232 1491 δοσίας
254 1421 314 1484 τῶν
332 1415 489 1504 Ἑλλήνων
513 1422 562 1485 διὰ
583 1423 699 1504 μακροῦ
723 1421 830 1504 ταύτην
852 1423 904 1503 τὴν
927 1422 1010 1502 δίκην
1033 1423 1196 1492 ἐκτίσαντες
1219 1420 1376 1505 Θηβαίους.

217 1541 246 1606 7.
281 1539 374 1603 Dion.
397 1539 470 1604 Hal.
495 1559 545 1621 ep.
570 1540 613 1604 ad
634 1539 749 1621 Pomp.
774 1560 805 1621 p.
830 1540 870 1604 37
893 1540 964 1603 Kr.:
988 1543 1038 1605 καὶ
1057 1531 1200 1625 ἄρξασθαι
1217 1541 1425 1627 (Θουκυδίδην)

121 1645 178 1726 τῆς
202 1645 366 1727 διηγήσεως
390 1646 430 1728 μὴ
454 1646 512 1708 άπό
535 1645 594 1708 τῶν
610 1641 828 1728 Κερκυραιέιυν,
852 1643 916 1708 ἀλλ’
940 1645 998 1708 άπδ
1021 1646 1079 1709 τῶν
1102 1646 1263 1730 κρατίστων
1285 1649 1336 1728 τῆς
1358 1669 1426 1708 πατ-

123 1739 338 1831 ρίδυςέργοιν,
363 1737 382 1810 ἃ
405 1749 478 1830 μετὰ
500 1751 549 1812 τδν
572 1748 716 1832 Περσικδν
739 1749 869 1831 πόλεμον
892 1748 982 1818 εὐθὺς
1006 1747 1142 1832 ἔπραξαν.

216 1857 246 1920 8.
280 1857 373 1922 Dion.
404 1857 477 1923 Hal.
508 1879 540 1940 p.
568 1859 610 1922 86
638 1858 707 1922 Kr.:
754 1859 798 1929 οῖς
832 1860 974 1943 ἐπιτίθησι
1008 1859 1163 1942 (Θουκυδ.)
1200 1862 1237 1924 τά
1270 1859 1343 1944 ἔργα
1375 1863 1426 1943 τῆς

122 1962 255 2036 πόλεως,
281 1947 338 2024 ὅσα
362 1963 435 2044 μετὰ
457 1965 506 2032 τδν
524 1963 668 2047 Περσικδν
686 1963 816 2047 πόλεμον
840 1963 897 2032 ἕως
919 1965 970 2026 τοῦ
991 1963 1271 2047 Πελοποννησιακοῦ
1293 1963 1425 2049 πολέμου

123 2064 330 2147 διεπράξαντο.

216 2175 246 2237 9.
282 2173 373 2251 Quae
391 2193 477 2237 nunc
496 2180 676 2255 sequuntur
693 2175 842 2256 exempla
857 2175 976 2239 idonea
991 2179 1077 2253 sunt,
1094 2195 1112 2239 e
1129 2175 1246 2256 quibus
1266 2180 1425 2258 appareat

121 2278 231 2342 verbo
262 2279 299 2341 τὰ
327 2277 455 2361 Περσικά
477 2281 634 2359 tanquam
658 2279 737 2342 certi
760 2279 838 2342 anni
863 2298 999 2342 numero
1025 2282 1156 2360 tempus
1184 2299 1294 2342 rerum
1325 2279 1424 2360 signi-

121 2381 229 2457 ficari,
254 2399 338 2461 quae
361 2399 468 2461 neque
491 2380 533 2444 ad
556 2380 679 2445 bellum
701 2381 868 2444 Persicum
890 2401 996 2462 neque
1020 2382 1062 2445 ad
1084 2401 1137 2446 res
1158 2382 1306 2446 Persicas
1329 2382 1424 2464 quid-

122 2503 229 2565 quam
247 2482 442 2564 pertineant.

218 2604 245 2666 1.
279 2602 380 2666 Thur.
404 2602 427 2680 l,
461 2603 509 2666 14.
537 2604 568 2666 i:
603 2604 701 2684 ὀλίγον
729 2628 761 2667 τε
788 2607 844 2688 πρδ
871 2606 929 2668 τῶν
962 2608 1104 2688 Μηδικῶν
1135 2609 1184 2668 καὶ
1213 2607 1268 2670 τοῦ
1298 2607 1425 2690 Δαρείου

120 2709 270 2783 θανάτου,
294 2697 327 2777 tr
352 2709 426 2789 μετὰ
448 2705 622 2793 Καμβύσην·
636 2707 760 2790 Περσῶν
784 2709 948 2792 ἐβασίλευε,
979 2709 1104 2792 τριήρεις
1133 2710 1200 2792 περί
1229 2732 1261 2772 τε
1291 2707 1425 2772 Σικελίαν

118 2821 185 2881 τοῖς
218 2811 366 2894 τυράννοις
394 2812 424 2882 ἐς
452 2812 567 2894 πλῆθος
596 2811 729 2892 ἐγένοντο
760 2813 810 2874 καὶ
832 2809 1035 2896 Κερκυραίοις.
1067 2813 1159 2874 ταῦτα
1187 2812 1242 2894 γὰρ
1270 2815 1425 2877 τελευταῖα

118 2917 181 2997 πρὸ
205 2919 259 2996 τῆς
281 2913 392 2999 Ξέρξου
416 2915 568 2996 στρατείας
591 2914 711 2977 ναυτικὰ
734 2915 871 2995 ἀξιόλογα
894 2916 924 2978 ἐν
946 2938 983 2998 τγγ
1003 2909 1128 2978 Ἑλλάδι
1151 2914 1287 2993 κατέστη.

216 3017 246 3079 Π.
280 3016 382 3081 Thuc.
405 3015 428 3093 Ι,
460 3015 512 3080 41.
542 3018 576 3080 h:
611 3022 685 3081 νεῶν
715 3018 770 3100 γὰρ
802 3019 923 3102 μακρῶν
955 3017 1143 3088 σπανίσαντές
1172 3042 1244 3083 ποτε
1273 3021 1346 3101 πρδς
1375 3021 1424 3082 τὸν

119 3123 288 3204 Αἰγινητῶν
312 3122 384 3204 ὑπὲρ
407 3121 444 3184 τὰ
466 3119 587 3201 Μηδικά
609 3121 770 3204 πόλεμον..
786 3168 813 3183 ..

216 3224 245 3286 3.
280 3223 400 3288 Suidas
416 3243 441 3286 S.
459 3244 489 3286 v.
507 3223 688 3287 Chionidis:
713 3226 858 3288 διδάσκειν
882 3225 915 3287 δὲ
938 3221 1030 3286 ἔτεσιν
1052 3227 1083 3308 η’
1106 3229 1162 3309 πρδ
1185 3229 1243 3290 τῶν
1261 3226 1423 3310 Περσικῶν.

214 3326 245 3388 4.
281 3325 398 3389 Suidas
421 3345 447 3388 S.
470 3346 500 3388 v.
524 3325 723 3408 Epicharmi:
757 3313 793 3410 ἦν
817 3329 850 3391 δὲ
872 3329 927 3409 πρδ
951 3329 1009 3390 τῶν
1032 3327 1185 3409 Περσικῶν
1209 3327 1259 3411 ἔτη
1283 3331 1321 3399 ἕξ.

215 3444 297 3509 Cum
326 3466 379 3510 res
407 3445 472 3509 iam
504 3446 603 3510 dubia
632 3465 699 3510 non
732 3447 782 3523 sit,
815 3467 854 3510 ea
885 3464 1015 3526 quoque
1043 3447 1191 3527 exempla
1218 3449 1317 3513 affere
1338 3469 1426 3515 nune

117 3551 211 3625 iicet,
236 3568 330 3630 quae,
355 3549 432 3612 dum
456 3549 578 3614 incerta
600 3569 652 3612 res
677 3552 754 3625 erat,
778 3549 974 3613 documento
998 3568 1153 3612 essenon
1175 3553 1336 3630 poterant.

214 3651 244 3714 5.
280 3651 369 3715 Suid.
394 3671 419 3714 S.
442 3672 472 3714 v.
496 3651 670 3716 Charonis:
695 3654 742 3716 ἐπὶ
764 3654 823 3716 τῶν
841 3652 993 3736 Περσικῶν
1017 3654 1093 3715 κατὰ
1110 3656 1162 3737 τὴν
1183 3657 1226 3717 οε’
1247 3655 1424 3736 ὀλυμπιάδα.

215 3755 245 3816 6.
280 3753 370 3817 Suid.
395 3774 421 3818 S.
444 3775 473 3818 v.
500 3755 654 3819 Choerili:
690 3757 736 3819 ἐπὶ
760 3757 793 3820 δὲ
815 3756 874 3819 τῶν
897 3757 1050 3840 Περσικῶν
1074 3758 1229 3841 ὀλυμπιάδι
1251 3759 1304 3820 οε’.

120 3979 165 4042 de
188 3977 399 4058 Panyassidis
429 3981 537 4043 aetate
568 3979 728 4056 dicuntur,
759 3999 826 4043 non
856 3978 950 4042 aliter
976 3979 1194 4059 intellegenda
1221 3981 1295 4042 sunt
1325 3996 1364 4040 ae
1396 3977 1424 4039 si

120 4079 249 4160 scripta
272 4079 453 4144 habeamus
481 4082 583 4146 verba
610 4084 737 4166 καὶγὰρ
760 4071 794 4165 ἦν
817 4085 893 4146 κατὰ
914 4085 966 4166 τὴν
990 4088 1033 4147 οε’
1060 4084 1242 4166 ὀλυμπιάδας
1264 4081 1330 4144 iam
1355 4099 1423 4144 non

120 4183 256 4248 difficile
276 4188 327 4248 est
346 4183 444 4260 dictu,
467 4183 545 4264 quid
568 4185 641 4247 loco
657 4190 771 4248 nostro
794 4186 856 4248 sibi
877 4184 978 4249 velint
994 4187 1095 4250 verba
1113 4185 1216 4268 γέγονε
1238 4188 1271 4249 et
1292 4171 1338 4269 ἦν,
1358 4203 1423 4264 qua

122 4289 168 4352 de
192 4307 228 4351 re
252 4287 401 4367 quaestio
423 4305 510 4350 nunc
532 4286 720 4367 simpliciter
742 4308 777 4352 se
800 4287 911 4352 habet.
954 4289 1040 4354 Nam
1064 4291 1166 4353 verba
1192 4292 1267 4353 κατὰ
1291 4289 1324 4354 δέ
1346 4312 1424 4358 τινας

118 4393 230 4476 πολλῶ
254 4392 453 4478 πρεσβύτερος
476 4388 665 4469 accipienda
692 4410 763 4454 esse
792 4391 941 4454 vidimus.
993 4392 1041 4455 Ac
1071 4393 1171 4455 trium
1201 4389 1424 4473 olympiadum

118 4492 334 4557 intervallum
361 4492 446 4555 inter
476 4492 518 4555 ol.
548 4492 588 4555 78
612 4495 644 4555 et
667 4492 708 4556 ol.
734 4493 775 4556 75
805 4494 1034 4574 interpositum
1060 4495 1156 4558 nimis
1184 4495 1334 4576 exiguum
1363 4495 1424 4569 est,
1473 4563 1475 4566 ¹

119 4615 225 4678 quam
250 4597 287 4657 ut
312 4594 413 4657 verbo
440 4597 545 4681 πολλῶ
573 4595 781 4676 respondeat.
835 4596 974 4677 Oportet
996 4598 1092 4678 igitur
1116 4599 1217 4662 verba
1238 4601 1288 4661 καὶ
1310 4599 1365 4680 γὰρ
1387 4592 1425 4678 ἦν

1200 4701 1216 4751 3
