3330 5214
762 369 953 432 ..8-

214 544 348 608 dubium
364 545 422 620 est,
442 542 520 624 quin
536 541 599 605 hae
615 540 729 614 literae
747 558 861 604 omnes
878 539 922 604 ad
939 539 1027 604 idem
1044 540 1241 604 elementum
1256 538 1505 620 significandum

211 649 388 729 usurpatae
410 644 484 723 sint,
507 663 581 708 cum
602 643 637 706 in
656 642 774 707 eodem
790 642 922 706 nomine
938 639 1110 707 scribendo
1127 642 1312 724 promiscue
1328 644 1504 723 usurpatae

213 749 343 830 saepius
372 747 585 812 inveniantur.
637 745 800 826 Scriptum
827 745 913 810 enim
942 771 977 810 αα
1005 744 1105 810 literis
1135 745 1292 831 Ἀρὺαασις
1321 764 1442 809 nomen
1469 745 1504 808 in

211 851 305 916 titulo
327 846 611 932 Halicarnasse01)
634 847 763 929 legitur,
792 850 891 928 atque
920 847 1008 912 idem
1031 854 1043 921 ξ
1064 848 1158 912 litera
1185 847 1319 933 Ἀρύαξις
1349 847 1504 929 scriptum

212 956 246 1018 in
272 957 406 1020 moneta
428 948 581 1034 Carica.²)
626 950 795 1022 Πανύασσις
818 969 895 1016 vero
925 970 1046 1015 nomen
1067 951 1146 1015 illud
1174 951 1386 1028 elementum,
1412 949 1504 1031 quod

213 1061 289 1122 ante
320 1083 342 1130 ις
370 1057 490 1122 exitum
518 1057 582 1132 est,
617 1052 733 1137 triplici
759 1053 859 1116 modo
889 1053 1044 1135 scriptum
1071 1053 1181 1118 habet.
1239 1053 1386 1125 Πανύασις
1415 1052 1503 1116 enim

212 1160 320 1226 forma
341 1160 429 1242 apud
451 1158 639 1239 scriptores,
668 1154 830 1228 ΠανύαΨις
852 1156 886 1220 in
911 1156 1020 1234 titulo,
1052 1157 1219 1228 Πανύασσις
1242 1159 1275 1220 et
1297 1155 1331 1220 in
1352 1155 1446 1220 titulo
1470 1159 1502 1219 et

212 1263 246 1327 in
268 1263 462 1344 scriptorum
482 1260 572 1324 libris
594 1259 741 1324 traditur.
779 1259 926 1340 Denique
949 1286 967 1324 ο
989 1262 1022 1323 et
1044 1263 1056 1332 ξ
1077 1259 1190 1324 literae
1208 1259 1291 1324 inter
1309 1277 1345 1323 se
1365 1277 1501 1340 respon·

213 1367 291 1430 dent
318 1366 351 1429 in
380 1363 566 1429 nominibus
589 1361 756 1434 Ἐπιαύααις
784 1365 817 1426 et
839 1360 979 1433 Ἐπύαξα.
1025 1362 1118 1440 Quae
1144 1362 1278 1428 nomina
1307 1364 1339 1426 et
1367 1380 1501 1442 compo-

212 1469 328 1533 sitione
351 1472 384 1532 et
407 1467 494 1532 exitu
516 1465 636 1531 Caricis
657 1468 726 1529 tarn
748 1464 865 1532 similia
887 1469 972 1543 sunt,
1003 1469 1039 1529 ut
1060 1485 1121 1547 pro
1144 1465 1264 1530 Caricis
1287 1464 1358 1546 ipsa
1389 1463 1503 1528 haberi

211 1571 352 1653 possint,
386 1588 575 1652 quanquam
607 1568 640 1631 in
673 1567 783 1632 Cilicia
815 1569 1028 1650 reperiuntur.
1083 1567 1250 1640 Ἐπιούαοις
1283 1568 1384 1646 enim,
1419 1586 1503 1649 quae

211 1672 353 1737 nominis
382 1672 487 1737 forma
515 1669 693 1736 masculina
716 1672 780 1748 est,
810 1669 843 1733 in
871 1671 965 1736 titulo
989 1669 1183 1754 Ciliciensi3)
1212 1671 1341 1753 legitur,
1369 1670 1501 1744 Ἐπύαξα

211 1795 347 1854 nomen,
381 1775 469 1857 quod
496 1773 681 1854 Xenophon
689 1770 717 1852 ¹¹)
752 1773 803 1836 bis
834 1777 1082 1848 commemorat,
1117 1773 1246 1854 reginae
1269 1772 1403 1837 Cilicum
1432 1773 1502 1837 fuit.

213 1878 310 1956 Quod
332 1881 442 1943 autem
465 1875 633 1948 Ἐπιούααις
654 1894 776 1940 nomen
797 1875 831 1939 in
854 1901 954 1947 ουααις
976 1876 1097 1940 exitum
1119 1875 1235 1953 habet,
1262 1894 1331 1938 non
1352 1875 1387 1938 in
1408 1901 1500 1954 υααις,

211 1980 329 2045 nullius
348 1980 506 2045 momenti
524 1982 583 2058 est,
602 1998 676 2044 cum
692 1979 823 2062 saepius
841 1979 874 2042 in
896 1978 1082 2042 nominibus
1101 1970 1221 2043 Caricis
1243 2004 1260 2042 υ
1284 1980 1316 2041 et
1334 2002 1368 2041 ου
1387 1976 1501 2041 literae

211 2083 295 2148 inter
317 2103 352 2147 se
375 2084 623 2147 commutentur.
656 2081 700 2146 Ut
721 2081 808 2146 enim
821 2076 1015 2164 Ὕααωλαςό)
1033 2080 1127 2159 titulo
1146 2080 1303 2146 traditum
1323 2083 1437 2156 exstat,
1456 2079 1502 2144 ita

213 2177 439 2268 Oioooiloff)
468 2187 505 2249 ut
534 2183 804 2265 Ὠνζωσσυασός,7)
834 2184 879 2248 ita
909 2181 1080 2267 Οὐαασόςθ)
1108 2185 1206 2266 idque
1232 2202 1355 2248 nomen
1384 2183 1502 2246 eodem

211 2289 320 2367 titulo,
355 2306 419 2369 quo
453 2288 541 2352 illud.
585 2287 672 2352 Nihil
705 2290 754 2351 est
782 2287 891 2368 igitur,
926 2288 1014 2369 quod
1042 2287 1098 2351 illa
1125 2286 1274 2368 exempla
1304 2285 1413 2350 Cilicia
1442 2303 1502 2366 pro

211 2392 329 2474 ineptis
358 2395 415 2456 aut
446 2391 603 2472 suspectis
632 2390 823 2455 habeamus.
874 2389 988 2471 Itaque
1017 2389 1120 2454 tribus
1148 2389 1182 2453 in
1203 2388 1391 2452 nominibus
1412 2388 1501 2452 idem

211 2495 407 2559 elementum
425 2493 585 2558 habemus
604 2492 738 2557 dirersis
752 2493 853 2558 literis
875 2476 1091 2574 significatum
1112 2492 1211 2573 idque
1234 2492 1280 2556 sic
1302 2494 1338 2555 ut
1359 2492 1444 2555 inter
1466 2510 1501 2554 se

209 2598 430 2679 respondeant
451 2597 515 2660 hae
536 2595 663 2660 literae:

301 2699 331 2784 1)
366 2726 401 2765 σσ
424 2702 457 2764 ei
479 2701 503 2770 Ε.

297 2800 330 2884 2)
365 2807 438 2867 oet
460 2801 492 2864 'l'
515 2806 547 2866 et
570 2828 614 2868 σσ.

301 2905 334 2990 3)
369 2933 387 2970 c
410 2908 443 2970 ei
465 2906 486 2974 ἓ.

297 3006 392 3072 Unde
419 3027 493 3072 cum
519 3027 587 3072 non
605 3002 721 3071 'minus
750 3011 904 3088 quattuor
925 3006 1035 3070 literas
1058 3006 1157 3071 luisse
1187 3012 1353 3089 appareat,
1384 3008 1502 3088 quibus

213 3129 315 3174 unum
337 3109 417 3173 illud
440 3109 651 3188 elementum,
680 3111 768 3192 quod
785 3110 827 3174 in
856 3110 943 3175 exitu
971 3134 1071 3180 υαααις
1093 3112 1169 3173 ante
1197 3111 1374 3174 terminum
1396 3136 1420 3182 ις
1442 3114 1501 3187 est,

212 3211 383 3294 significari
412 3215 536 3293 posset,
566 3213 600 3276 id
627 3213 669 3276 ab
699 3231 755 3276 ore
778 3212 901 3277 Graeco
931 3213 1058 3276 videtur
1085 3215 1154 3276 tam
1181 3213 1323 3277 alienum
1344 3213 1445 3278 fuisse
1466 3217 1504 3277 ut

212 3314 313 3378 literis
337 3313 467 3378 Graecis
489 3315 568 3378 satis
591 3319 740 3379 accurate
762 3315 855 3380 reddi
877 3315 1010 3380 omnino
1032 3334 1100 3378 non
1120 3320 1244 3396 posset.
1543 3385 1546 3392 ,

300 3415 372 3494 Quo
402 3416 471 3480 iure
498 3417 586 3499 apud
609 3416 707 3482 Cares
736 3418 870 3483 nomina
895 3419 928 3482 in
958 3443 1058 3490 υαααις
1085 3418 1171 3482 exire
1193 3418 1296 3482 multa
1319 3419 1502 3497 dixerimus,

212 3519 294 3584 haec
323 3519 493 3583 nominum
515 3519 701 3585 Caricorum
724 3521 822 3586 series
852 3522 999 3600 docebit,
1023 3541 1106 3603 quae
1130 3522 1240 3586 omnia
1261 3521 1362 3586 titulis
1383 3522 1503 3586 tradita

301 3706 323 3775 1)
349 3707 414 3762 Ditt.
432 3707 494 3776 Syll.
512 3711 563 3763 No.
582 3709 606 3761 6.
628 3709 667 3762 10.
689 3737 720 3746 -
738 3710 763 3762 d.
784 3710 823 3767 16.
842 3709 884 3762 25.
1036 3753 1040 3759 .

300 3792 322 3860 ²)
350 3793 388 3847 Cf.
406 3793 487 3861 Pape,
505 3793 703 3862 Eigennarnen,
720 3794 852 3859 Mionnet,
870 3795 954 3848 deser.
973 3795 1005 3848 de
1023 3794 1161 3848 madailles
1179 3795 1311 3864 antiques.
1348 3796 1439 3864 Suppl.
1458 3793 1503 3848 VI.

213 3879 272 3932 505.
308 3878 414 3932 Nomen
433 3878 500 3932 nihil
516 3878 576 3932 miri
593 3879 694 3933 habere
712 3880 765 3934 hac
781 3879 941 3948 quaestione
960 3879 1107 3948 apparebit.

299 3961 323 4032 3)
352 3965 418 4019 c.1.
438 3963 468 4018 G.
486 3963 624 4018 4410his.

300 4049 323 4115 ⁴)
350 4050 471 4104 Anabas.
488 4050 509 4103 I.
528 4049 552 4102 2.
572 4050 604 4102 n
622 4056 649 4104 et
666 4051 708 4104 ab.

301 4135 324 4204 5)
350 4136 414 4190 Ditt.
434 4134 496 4203 Syll.
514 4135 565 4188 No.
580 4137 629 4189 tic.
647 4137 667 4192 I.
681 4137 707 4192 l.
721 4137 763 4190 38.
788 4137 876 4205 Asper
890 4155 926 4191 an
943 4138 1011 4192 lenis
1028 4138 1137 4207 spiritus
1155 4138 1313 4192 scribendus
1331 4138 1372 4204 sit,
1391 4138 1504 4192 dubium

214 4227 262 4276 est.
295 4221 479 4280 Distinctusne
497 4221 677 4289 appellatione
695 4222 729 4277 sit
747 4224 820 4291 apud
838 4222 927 4290 Cares,
945 4224 1010 4278 item
1028 4224 1148 4278 dubium.
1179 4224 1269 4278 Litera
1292 4224 1401 4292 quidem
1425 4222 1507 4293 signi·

214 4306 311 4361 ficatus
330 4324 387 4360 non
405 4313 455 4361 est.

301 4391 325 4461 ὕ)
352 4393 420 4447 Ibid.
438 4392 489 4446 No.
509 4394 550 4445 76.
568 4394 593 4446 l.

304 4479 325 4542 ⁷)
352 4478 420 4532 lbid.
438 4477 489 4533 No.
508 4479 533 4532 6.
551 4479 593 4531 26.

302 4560 324 4631 8)
351 4563 418 4616 Ibid.
436 4563 488 4618 No.
505 4565 529 4616 6.
548 4565 590 4618 30.
