3330 5214
776 408 966 472 ..6-

314 580 477 659 Quoniam
507 579 625 645 Suidas
653 578 869 660 Panyassides
899 579 998 644 tradit
1031 580 1129 656 duos,
1163 579 1204 642 de
1238 578 1356 661 quibus
1389 577 1520 642 diversa

226 684 385 760 ienmtur,
415 682 605 764 primores
628 681 690 746 nisi
713 683 784 763 quis
807 683 986 747 accuratius
1010 701 1083 746 earn
1106 680 1371 758 consideraverit,
1395 679 1520 744 nullam

226 786 464 852 dubitationem
496 785 623 849 videtur
655 784 787 850 habere.
842 785 1061 867 Philosophus
1099 785 1187 850 enirn
1220 785 1322 850 altero
1355 782 1521 868 posterior

226 889 326 954 inisse
348 892 380 953 et
403 888 444 952 de
466 887 602 952 somniis
622 887 742 952 librum
763 888 931 969 scripsisse
953 888 1064 965 fertur,
1087 888 1187 965 cuius,
1209 887 1267 951 ubi
1288 887 1329 952 de
1347 888 1447 968 poeta
1465 905 1520 949 res

226 997 286 1068 est,
308 991 431 1056 mentio
453 990 490 1055 rit
511 990 609 1054 nulla.
656 990 725 1054 Etsi
746 993 854 1058 autem
878 995 977 1072 poeta
999 991 1094 1056 simul
1115 991 1338 1073 prodigiorum
1358 989 1520 1070 interpres

225 1095 423 1171 nominatur,
445 1093 479 1157 in
501 1112 566 1174 quo
590 1093 792 1158 somniorum
813 1093 930 1175 peritia
956 1094 1176 1176 exspectanda
1201 1096 1263 1170 est,
1289 1097 1402 1158 tamen
1427 1091 1521 1154 illum
1636 1075 1637 1090 ³

226 1198 268 1262 de
290 1196 424 1262 somniis
446 1196 566 1260 librum
587 1195 617 1259 ei
633 1195 810 1260 attribuere
827 1201 1001 1277 propterea
1016 1216 1176 1273 veremur,
1198 1195 1287 1277 quod
1302 1193 1521 1276 philosophus

227 1320 303 1364 eum
330 1299 496 1381 scripsisse
523 1297 647 1362 dicitur.
699 1298 765 1364 Sed
793 1317 858 1381 quo
890 1300 1070 1364 accuratius
1100 1299 1183 1363 inter
1211 1318 1246 1362 se
1269 1295 1519 1379 comparaveris,

227 1422 311 1484 quae
334 1403 375 1466 de
397 1405 497 1483 poeta
519 1404 551 1465 et
572 1401 614 1465 de
631 1402 828 1484 philosopho
845 1403 1026 1480 traduntur,
1050 1422 1089 1467 eo
1108 1423 1160 1466 res
1179 1401 1331 1467 incertior
1347 1399 1519 1464 videbitur.

226 1507 275 1570 Ac
297 1504 417 1586 duplex
438 1504 571 1585 quidem
592 1504 732 1586 suspicio
756 1505 824 1582 erit,
848 1525 921 1570 curn
937 1506 1095 1571 incertum
1112 1506 1271 1583 videatur,
1292 1506 1402 1569 utrum
1419 1504 1523 1584 poeta

225 1629 247 1675 a
273 1608 470 1691 philosopho
495 1626 669 1689 perperam
697 1607 867 1672 distinctus
894 1629 938 1674 an
959 1628 1033 1674 cum
1055 1628 1094 1674 eo
1125 1609 1279 1674 confusus
1310 1607 1360 1670 sit.
1411 1605 1520 1670 Unam

225 1711 315 1776 enim
336 1710 501 1792 utriusque
518 1728 695 1790 personam
709 1730 780 1775 esse
796 1711 972 1802 putaveris,
994 1713 1083 1794 quod
1100 1715 1237 1794 uterque
1252 1709 1519 1774 Halicarnasseus

226 1813 422 1890 nominatur,
434 1817 570 1893 uterque
580 1813 746 1895 prodigiis
761 1814 878 1896 quibus
890 1815 1017 1879 somnia
1028 1807 1275 1880 adnumeranda
1287 1816 1371 1890 sunt,
1384 1830 1520 1892 operam

226 1915 356 1980 dedisse
378 1914 488 1980 fertur.
534 1916 616 1981 Cum
638 1936 714 1982 vero
738 1917 779 1982 de
800 1920 920 1998 poetae
942 1921 1050 1982 aetate
1073 1918 1157 1982 duae
1179 1919 1327 1982 veterum
1349 1913 1518 1996 opiniones

226 2017 327 2082 fuisse
357 2036 481 2100 eaeque
502 2019 586 2084 inter
609 2040 644 2085 sc
666 2020 805 2084 multum
828 2020 956 2084 differre
988 2020 1106 2108 (πολλῷ
1128 2016 1338 2107 πρεσβύτερος)
1361 2017 1518 2093 dicantur,
1638 2029 1639 2032 ’

226 2120 318 2184 nihili
335 2120 462 2184 videtur
477 2120 558 2186 illud
575 2122 760 2187 ducendum
779 2143 861 2200 esse,
883 2123 972 2206 quod
989 2128 1089 2206 poeta
1105 2127 1213 2188 aetate
1232 2121 1389 2204 superior,
1411 2118 1517 2202 philo-

226 2223 350 2304 sophus
372 2225 534 2305 posterior
555 2225 680 2290 dicitur.
713 2226 798 2290 Huic
813 2227 910 2308 igitur
928 2228 1017 2309 quod
1032 2227 1201 2309 proprium
1219 2227 1261 2290 sit
1282 2224 1363 2290 nihil
1383 2220 1519 2303 relinqui

224 2326 353 2391 videtur
379 2326 441 2390 nisi
471 2327 657 2408 philosophi
686 2347 816 2394 nornen.
869 2329 967 2408 Quod
996 2350 1070 2395 curn
1096 2330 1140 2394 ad
1167 2328 1390 2412 prodigiorum
1418 2326 1517 2390 inter·

223 2432 352 2511 pretem
383 2449 450 2494 non
477 2430 581 2510 magis
609 2432 770 2511 quadrare
800 2451 900 2512 quarn
927 2432 971 2496 ad
999 2436 1133 2515 poetam
1162 2432 1325 2508 videatur,
1355 2428 1448 2493 facile
1478 2445 1517 2490 eo

224 2532 417 2596 adducimur
444 2535 479 2596 ut
508 2535 642 2614 poetam
672 2552 746 2597 cum
767 2534 964 2617 philosopho
987 2535 1159 2601 confusum
1181 2535 1391 2617 suspicemur.
1434 2531 1520 2596 Nam
1639 2606 1640 2612 ἵ

223 2634 449 2716 prodigiorum
480 2635 639 2717 interpres
676 2636 730 2701 ille
762 2637 900 2702 forsitan
937 2638 1034 2702 fuerit
1064 2637 1280 2720 philosophus
1318 2636 1519 2702 somniorum

226 2737 395 2820 interpres.
429 2738 477 2802 De
500 2741 607 2802 aetate
630 2742 741 2804 autem
762 2746 892 2824 poetae,
915 2741 1026 2823 quiin
1048 2742 1211 2806 aetatibus
1233 2741 1372 2805 multum
1395 2739 1518 2804 distan-

223 2841 313 2905 tibus
335 2844 492 2929 ponatur,
520 2842 679 2906 dissensio
701 2844 808 2924 potuit
831 2863 870 2908 eo
893 2845 983 2922 oriri,
1013 2845 1101 2925 quod
1122 2844 1295 2927 Panyassis
1316 2843 1424 2922 minor
1446 2860 1519 2905 cum

226 2947 327 3025 poeta
353 2944 507 3008 confusus
537 2946 596 3009 est.
640 2944 680 3008 Et
708 2946 864 3026 quoniam
891 2950 924 3011 et
952 2948 993 3012 de
1022 2951 1115 3030 patre
1142 2951 1175 3012 et
1204 2948 1245 3011 de
1272 2946 1379 3028 patria
1401 2947 1519 3027 poetae

225 3046 355 3112 diversa
376 3048 562 3123 traduntur,
593 3046 675 3112 haec
698 3047 808 3130 opinio
831 3051 1037 3132 comprobari
1058 3051 1195 3114 videtur.
1240 3048 1404 3128 Quoniam
1425 3048 1521 3128 igitur

226 3148 299 3213 viae
320 3151 433 3230 patere
454 3153 521 3213 tres
542 3149 707 3228 videntur,
738 3154 808 3216 tarn
839 3153 939 3217 dubia
960 3173 1012 3218 res
1035 3157 1085 3218 est
1106 3159 1142 3218 ut
1170 3154 1299 3218 interim
1320 3155 1521 3217 reservatam

226 3271 361 3334 prorsus
382 3251 552 3333 neglegere
569 3271 630 3317 nec
650 3254 739 3336 prius
760 3255 917 3336 attingere
940 3257 1118 3321 debeamus
1141 3277 1240 3339 quam
1263 3256 1304 3320 de
1326 3255 1393 3319 vita
1414 3255 1519 3335 Pany-

226 3354 345 3419 assidis
367 3357 495 3435 poetae,
521 3375 604 3436 quae
626 3357 808 3437 traduntur,
832 3360 942 3424 omnia
965 3361 1215 3440 excusserimus,
1238 3360 1355 3442 quibus
1379 3358 1520 3424 excussis

228 3457 322 3522 facile
352 3457 412 3521 erit
442 3477 512 3521 rem
538 3459 585 3524 ita
617 3459 758 3525 iudicare
791 3465 827 3525 ut
861 3481 935 3526 cum
961 3462 1159 3544 Panyasside
1193 3464 1285 3545 epico
1319 3462 1521 3528 somniorum

227 3561 387 3642 interpres
413 3580 566 3642 perverse
593 3563 747 3628 confusus
776 3567 875 3647 atque
905 3565 994 3630 idem
1022 3571 1109 3632 recte
1139 3567 1182 3631 ab
1205 3586 1244 3632 eo
1268 3567 1446 3632 disiunctus
1468 3563 1519 3628 sit.

314 3662 485 3728 Materiam
518 3664 684 3730 divisimus
717 3686 756 3731 ac
779 3667 1006 3749 disposuimus,
1040 3673 1076 3733 ut
1106 3669 1306 3750 quaestionis
1335 3669 1418 3734 ratio
1448 3667 1519 3732 fert.

227 3765 276 3830 Ac
297 3766 439 3849 primurn
469 3767 602 3848 quidem
624 3769 819 3835 disseremus
847 3771 888 3834 de
909 3770 1116 3853 Panyassidis
1138 3773 1284 3850 nomine,
1314 3775 1386 3836 tum
1414 3771 1455 3834 de
1482 3769 1520 3832 iis

230 3869 343 3947 rebus,
368 3889 451 3950 quae
474 3871 517 3934 ad
536 3871 743 3954 Panyassidis
766 3873 847 3954 epici
868 3874 1022 3954 patriam,
1046 3878 1202 3953 aetatem,
1224 3895 1325 3956 genus
1348 3876 1520 3954 cognatos-

229 3990 293 4053 que
315 3973 492 4052 pertinent,
522 3975 639 4039 deinde
661 3975 840 4058 Panyassin
861 3976 1095 4059 philosophum
1121 3979 1350 4055 tractabimuS,
1381 3977 1520 4057 denique

228 4077 372 4240 ptoetam.
416 4075 586 4142 Postremo
618 4079 941 4160 comprehendemus,
973 4099 1056 4163 quae
1085 4081 1148 4145 hac
1170 4082 1360 4162 quaestione
1383 4082 1520 4146 demon-

259 4180 332 4241 rata
354 4180 437 4242 sunt.
