3330 5214
365 573 480 642 Ἰωνικά
506 595 627 642 nomen
654 575 746 640 alteri
775 575 909 640 cannini
935 571 1045 652 delur,
1073 575 1162 657 quod
1188 575 1321 638 omnino
1344 574 1444 639 fuisse
1468 573 1575 638 solum

280 678 450 763 Suidam¹l
481 682 647 743 auctorem
676 678 846 742 habemus.
898 677 974 741 Eius
1004 675 1127 756 verbis,
1163 677 1191 742 si
1219 677 1302 741 fides
1332 676 1486 742 habenda
1516 681 1575 754 est,

280 800 411 846 carmen
443 781 599 862 scriptum
632 783 837 862 pentametro
871 779 941 858 fuit,
974 799 1128 846 versuum
1157 779 1288 844 fuerunt
1319 783 1447 861 septem
1476 779 1574 856 milia,

279 887 437 949 tractatae
467 887 543 948 sunt
570 884 713 948 carmine
740 903 793 948 res
816 882 914 946 Codri
936 886 970 946 et
990 882 1082 948 Nelei
1105 886 1137 947 et
1160 883 1361 947 coloniarum
1383 882 1575 947 Ionicarum.
1648 881 1649 946 l

279 987 364 1052 Nam
396 986 491 1050 lectio
527 1007 641 1052 eorum
670 986 833 1062 codicum,
865 985 922 1066 qui
953 985 1109 1066 scriptum
1138 985 1262 1050 hahent
1292 985 1352 1050 ἔσπ
1383 988 1416 1051 δὲ
1445 987 1482 1051 τά
1511 988 1577 1069 περὶ

280 1087 400 1175 Κόδρου
432 1092 483 1154 καὶ
512 1089 638 1175 Νηλέως
668 1092 717 1154 καλ
745 1090 796 1160 τάς
821 1083 955 1159 Ἰωνικὰς
983 1089 1128 1166 ἀποικίας,
1158 1087 1253 1168 quasi
1281 1089 1414 1154 tertium
1444 1108 1577 1154 carmen

279 1192 453 1274 Panyassis
477 1191 695 1272 composuerit
718 1194 748 1256 αἱ
771 1189 895 1256 Ἰωνικαὶ
919 1191 1049 1256 ἀποικίαι
1070 1189 1270 1270 inscriptum,
1298 1191 1414 1256 merito
1436 1191 1576 1256 reicitur.

280 1295 321 1358 Et
344 1294 497 1358 omnihus
520 1294 645 1358 formae
667 1293 784 1379 Κόδρον
807 1295 856 1356 καὶ
878 1291 983 1376 Νηλέα
1004 1312 1090 1357 nunc
1112 1296 1266 1375 acceptae
1288 1297 1373 1358 sunt.
1649 1285 1650 1304 ³

366 1397 411 1460 At
440 1396 527 1462 enim
555 1400 761 1477 pentametro
789 1415 886 1460 versu
913 1414 1046 1460 carmen
1067 1396 1224 1478 scriptum
1245 1396 1345 1463 fuisse
1367 1417 1435 1462 non
1456 1401 1575 1478 potest.

279 1499 478 1564 Huiusmodi
501 1499 588 1564 enirn
609 1499 766 1576 versibus,
790 1498 917 1563 etiamsi
939 1501 1005 1562 tres
1033 1498 1186 1580 deinceps
1208 1500 1428 1581 proferuntur,
1458 1501 1578 1582 rythmi

280 1601 514 1683 aequabilitate
542 1621 636 1666 aures
664 1601 828 1682 animique
854 1601 1031 1682 fatigantur
1052 1621 1091 1666 ac
1113 1601 1244 1666 fastidio
1267 1602 1452 1683 implentur,
1480 1623 1576 1683 prae-

280 1706 392 1770 sertim
414 1706 447 1770 in
470 1702 697 1788 narratione.²)
734 1704 870 1784 Septem
890 1723 967 1768 vero
990 1703 1079 1768 milia
1100 1724 1253 1771 versuum
1276 1705 1429 1786 deinceps
1450 1705 1495 1769 ad
1515 1704 1579 1769 hoc
1650 1680 1651 1720 i

280 1812 420 1873 metrum
438 1807 569 1889 alligare
589 1807 769 1889 eademque
787 1806 830 1870 ad
845 1807 1045 1872 narrandum
1060 1807 1158 1888 plane
1174 1808 1354 1872 absurdum
1370 1813 1429 1873 est.
1463 1807 1578 1888 Neque

279 1910 455 1992 Panyassis
478 1909 531 1974 ille
553 1911 587 1973 in
610 1909 808 1990 optimorum
831 1909 997 1990 epicorum
1017 1929 1191 1975 numerum
1214 1914 1363 1992 receptus
1386 1910 1413 1975 is
1437 1915 1497 1987 est,
1522 1909 1579 1990 qui

280 2016 387 2077 metro
409 2017 479 2077 tam
501 2013 612 2093 inepto
639 2032 718 2077 usus
749 2031 821 2076 esse
850 2012 1007 2077 videatur.
1064 2013 1104 2076 Et
1132 2013 1278 2094 plerique
1304 2015 1405 2078 verbo
1435 2016 1577 2097 πεντάμε-

280 2141 348 2201 τρον
371 2115 528 2180 hocloco
551 2115 720 2180 notionem
742 2115 906 2180 insolitam
929 2115 1123 2180 subicientes
1150 2135 1283 2180 carmen
1304 2120 1410 2181 metro
1434 2116 1579 2197 elegiaco
1651 2137 1652 2164 ι

280 2219 380 2282 fuisse
403 2217 656 2282 declaraverunt.
703 2217 769 2282 Sed
790 2237 870 2282 num
892 2218 978 2282 hanc
999 2217 1195 2282 sententiam
1210 2219 1303 2282 verbi
1317 2238 1397 2283 usus
1414 2218 1578 2296 admittat,

280 2321 491 2385 vehementer
530 2320 747 2385 dubitandum
792 2325 850 2384 est.
912 2319 998 2384 Rem
1044 2320 1268 2385 demonstrare
1314 2320 1403 2385 solus
1445 2321 1580 2402 quidem

282 2420 546 2506 Tzschimerusil
570 2428 705 2488 conatus
729 2427 787 2500 est,
811 2423 866 2504 qui
889 2442 928 2487 ex
951 2443 1000 2500 eo,
1024 2424 1112 2505 quod
1133 2427 1167 2488 τό
1190 2425 1322 2506 ἐλεγεῖον
1342 2426 1483 2489 metrum
1507 2442 1579 2487 esse

283 2528 381 2607 idque
403 2524 598 2612 πεντάμετρον
620 2525 766 2590 nonnulli
789 2525 943 2603 dicerent,
967 2526 1036 2590 solo
1054 2527 1155 2591 verbo
1178 2524 1374 2612 πεντάμετρον
1395 2526 1465 2590 vioe
1483 2545 1580 2590 versa

283 2629 457 2694 distichum
485 2629 656 2710 significari
684 2648 783 2710 posse
813 2630 978 2694 conclusit.
1030 2629 1121 2707 Quae
1143 2648 1202 2711 per
1224 2650 1259 2694 se
1281 2629 1414 2711 quidem
1435 2629 1579 2694 maxime
1652 2621 1653 2624 ’

282 2733 382 2796 duhia
413 2736 463 2796 est
492 2732 665 2797 conclusio.
715 2732 823 2813 Atque
853 2732 1011 2814 exempla,
1043 2751 1127 2814 quae
1154 2733 1241 2797 hunc
1263 2733 1355 2798 verbi
1381 2731 1580 2816 πεντάμετρον

280 2855 376 2899 usum
394 2835 494 2899 fuisse
513 2835 662 2913 doceant,
681 2835 788 2899 adhuc
813 2835 946 2915 quidem
964 2835 1090 2900 desunt.
1127 2835 1218 2913 Quae
1241 2836 1329 2900 enim
1347 2835 1580 2900 Tzschimerus

284 2938 401 3015 attulit,
423 2936 504 3002 nihil
524 2938 675 3019 probant.
721 2937 787 3002 Sed
809 2937 887 3018 quid
909 2937 1024 3018 plura?
1061 2937 1110 3002 Ne
1128 2937 1263 3002 minima
1278 2938 1410 3019 quidem
1426 2938 1581 3002 carminis

279 3040 464 3121 fragmenta
492 3043 629 3104 exstant.
681 3039 813 3104 Nullum
841 3059 986 3118 versum,
1019 3041 1143 3106 nullum
1175 3041 1313 3105 verbum
1347 3041 1545 3122 accepimus
1553 3039 1580 3122 ⁴)

279 3142 348 3207 Nec
370 3145 499 3223 praeter
522 3142 658 3206 Suidam
681 3145 722 3219 et,
754 3160 837 3223 quae
860 3143 976 3207 eodem
998 3143 1100 3221 redit,
1121 3143 1424 3208 Pseudoeudociam
1447 3163 1582 3208 carmen

279 3247 451 3326 quisquam
479 3249 729 3322 commemorat,
760 3245 848 3325 quod
882 3266 902 3310 a
933 3245 1066 3310 falsario
1100 3245 1208 3327 aliquo
1242 3246 1460 3328 excogitatum
1493 3245 1580 3310 iudi-

280 3352 391 3412 cantes
412 3349 465 3411 vix
489 3347 678 3411 errabimus.

366 3450 445 3515 Sola
474 3450 570 3532 igitur
599 3451 633 3514 in
662 3451 822 3516 Heraclea
843 3451 1050 3534 Panyassidis
1081 3451 1183 3533 gloria
1212 3453 1320 3534 posita
1350 3457 1409 3530 est,
1440 3471 1509 3533 quo
1541 3453 1581 3516 de

284 3554 426 3617 carmine
455 3572 541 3617 nunc
571 3557 620 3618 est
650 3555 833 3618 dicendum.
882 3555 1042 3618 Versuum
1071 3555 1171 3620 fuisse
1200 3575 1318 3620 novem
1347 3555 1446 3632 milia,
1477 3555 1581 3619 libros

368 3742 391 3809 ¹)
418 3760 439 3796 s.
458 3757 484 3795 v.
502 3740 631 3799 Πανύασις
649 3780 656 3794 .
676 3781 682 3794 .
702 3782 708 3794 .
726 3742 844 3812 (ἔγραψε)
865 3739 970 3796 Ἰωνικὰ
995 3743 1022 3795 όν
1045 3747 1218 3815 πινπαμάτριμ,
1236 3745 1288 3796 ἔστι
1306 3743 1334 3796 δά
1351 3742 1383 3795 τά
1401 3743 1458 3812 περὶ
1478 3739 1581 3812 Κόδρον

279 3829 325 3881 ιιαλ
342 3824 434 3897 Νηλέα
451 3828 495 3880 οιαὶ
513 3827 558 3886 τὰς
573 3825 691 3886 Ἰωνικὰς
710 3827 836 3886 ἀποικίας·
855 3829 889 3887 tl:
907 3828 956 3898 Ιπη
978 3829 1006 3897 g.

366 3913 388 3983 2)
415 3915 514 3983 Magna
538 3914 659 3967 carmina
682 3917 851 3980 pentametro
876 3915 975 3983 scripte
998 3915 1110 3969 omnino
1133 3932 1190 3969 non
1214 3920 1330 3969 exstant.
1366 3916 1444 3980 Quae
1467 3915 1583 3968 collecta

172 4013 176 4028 ι
279 3999 471 4054 Tzschirnerus
495 4004 614 4053 extremo
638 3998 706 4050 libro
725 4014 775 4051 suo
794 3999 881 4054 reddit
903 4017 929 4068 p.
945 4001 1057 4055 72-77.
1083 4002 1117 4054 cl.
1135 4018 1161 4070 p.
1179 4002 1225 4066 33,
1250 3999 1342 4054 omnia
1364 4005 1429 4054 sunt
1445 3999 1582 4054 breviore.

366 4082 390 4148 ³)
417 4102 443 4153 p.
462 4085 504 4138 34.
540 4084 740 4137 Documentum
758 4084 873 4151 sumpsit
890 4103 923 4139 ex
940 4087 1085 4142 hocloco:
1103 4086 1132 4140 τδ
1151 4087 1179 4139 δὲ
1197 4087 1308 4156 lintion
1327 4089 1428 4154 μέτρον·
1447 4087 1515 4146 τινὲς
1535 4087 1581 4154 μὲν

279 4173 451 4242 πεντάμετρον
472 4170 535 4223 αδτό
554 4187 628 4242 φασιν
647 4167 721 4221 εἶναι.
757 4169 847 4223 Schol.
866 4172 901 4225 ad
917 4173 1064 4241 Hephacsl.
1080 4173 1125 4226 xl.
1143 4189 1169 4240 p.
1190 4173 1247 4226 186.
1283 4172 1416 4226 Gaisford.

366 4256 389 4324 ⁴)
416 4255 551 4310 Funclrius
568 4259 596 4308 et
612 4253 806 4308 Tzschimerus
824 4255 857 4309 cf.
876 4273 902 4325 p.
920 4258 962 4310 38.
980 4257 1052 4310 idem
1071 4257 1129 4312 sine
1148 4257 1230 4311 dubio
1249 4263 1320 4312 recte
1337 4257 1470 4322 sentiunt,
1494 4274 1582 4326 quan·

280 4359 364 4411 quam
388 4342 491 4410 priores
513 4340 633 4410 plerique
655 4340 788 4395 nonnulla
810 4341 963 4410 fragmenta
985 4343 1036 4410 (13,
1058 4343 1097 4407 14,
1116 4342 1149 4395 λλ
1168 4343 1241 4410 apud
1258 4341 1408 4411 Tzschirn.)
1432 4343 1467 4396 ad
1485 4343 1583 4396 Ionica

279 4427 450 4492 rettulerunt,
474 4427 633 4482 Duebnerus
651 4425 733 4481 eliam
752 4427 815 4494 δια,
840 4443 911 4496 quae
929 4429 1001 4496 apud
1019 4427 1112 4482 Trsch.
1133 4427 1165 4480 la
1184 4433 1210 4481 et
1227 4427 1262 4480 δά
1279 4433 1356 4493 sunl,
1382 4429 1418 4482 ad
1436 4444 1470 4482 eo
1488 4427 1583 4482 referri

279 4529 360 4582 posse
384 4512 496 4567 censuit.
541 4513 615 4566 Haec
637 4514 802 4582 hagmenla,
826 4511 873 4580 qui
895 4512 1002 4581 legerit,
1026 4513 1093 4567 nihil
1116 4529 1183 4577 esse,
1205 4513 1280 4581 quod
1298 4515 1332 4567 ad
1350 4513 1445 4568 Ionica
1468 4529 1582 4574 carmen

280 4599 372 4653 referri
388 4598 513 4664 debeant,
531 4598 623 4652 statim
640 4598 783 4666 intelleget.
