3330 5214
785 347 997 410 „68-

249 520 361 584 Exstat
392 519 478 582 enim
503 517 725 582 testimonium
747 515 947 598 grammatici
976 515 1087 597 ignoti,
1117 515 1172 602 qui
1200 514 1339 578 eundem
1361 512 1558 595 Panyassin

248 621 413 703 epicorum
449 621 646 701 optimorum
675 619 820 684 Homero
854 619 1038 700 proximum
1071 617 1161 694 dicit,
1195 635 1293 697 quem
1323 616 1556 694 Quintilianus

247 723 443 788 Antimacho
472 725 503 786 et
524 722 669 787 Hesiodo
696 722 815 786 iudicat
841 722 1037 786 inferiorem.
1089 721 1284 802 Quanquam
1313 719 1383 801 ipse
1410 718 1554 796 Quinti-

248 826 353 890 lianus
391 825 585 891 Antimacho
633 825 791 890 secundas
834 845 906 889 esse
948 844 1110 889 consensu
1146 823 1214 888 fere
1254 821 1555 904 grammaticorum

249 928 375 992 delatas
392 928 501 992 dicens
516 929 615 992 fuisse
631 927 799 1009 significat,
822 927 877 1008 qui
890 926 1087 992 Antimacho
1110 925 1270 990 secundas
1284 944 1353 989 non
1367 924 1552 989 deferrent.

248 1030 419 1112 Dionysius
435 1030 530 1112 igitur
540 1029 747 1112 Panyassidis
761 1030 895 1094 virtutes
907 1029 1042 1094 omnino
1056 1029 1156 1110 pluris
1170 1027 1361 1093 aestimasse
1376 1027 1554 1109 putandus

249 1137 299 1198 est
321 1153 420 1214 quam
442 1133 627 1196 Antimachi
650 1137 682 1197 et
703 1131 853 1210 Hesiodi,
881 1132 998 1212 quibus
1029 1150 1102 1196 cum
1124 1132 1214 1196 illum
1235 1134 1415 1213 postponat
1438 1129 1553 1208 Quin·
1661 1161 1662 1168 .

249 1235 394 1312 tilianus,
424 1235 487 1300 hoc
517 1235 648 1316 quidem
670 1235 824 1300 iudicium
846 1255 864 1298 e
886 1234 1040 1316 Dionysio
1071 1239 1157 1299 certe
1185 1253 1251 1300 non
1273 1233 1428 1298 haustum
1451 1236 1512 1298 est.
1522 1231 1552 1316 ¹)
1588 1248 1595 1257 ·

251 1338 376 1416 Quodsi
388 1337 603 1415 Quintilianus
616 1338 656 1402 de
669 1339 787 1403 horum
802 1341 975 1419 poetarum
991 1337 1217 1403 aestimatione
1235 1336 1334 1402 alium
1351 1336 1553 1418 scriptorem

250 1459 289 1504 ac
310 1439 499 1521 Dionysium
522 1444 650 1506 secutus
674 1444 732 1517 est,
755 1460 796 1504 ne
820 1459 858 1505 ea
880 1440 1013 1521 quidem
1036 1459 1053 1504 e
1075 1440 1229 1522 Dionysio
1251 1439 1401 1504 videntur
1423 1439 1553 1502 hausta

251 1563 339 1620 esse,
368 1562 452 1623 quae
484 1543 524 1606 de
554 1543 672 1606 horum
702 1547 872 1623 poetarum
902 1543 1155 1625 proprietatibus
1177 1541 1392 1620 Quintilianus
1421 1541 1554 1622 pariter
1661 1619 1662 1628 ἵ

252 1648 349 1726 atque
371 1645 424 1709 ille
449 1644 558 1710 tradit.
600 1645 703 1710 Immo
722 1645 874 1726 quoniam
894 1646 935 1710 de
957 1646 1007 1710 his
1025 1645 1241 1724 Quintilianus
1256 1644 1403 1710 nonnihil
1419 1644 1553 1725 profert

252 1747 340 1830 quod
362 1747 449 1830 apud
471 1747 560 1810 illum
583 1747 689 1823 deest,
718 1747 826 1829 potius
855 1749 898 1813 ad
924 1748 1048 1814 fontem
1077 1768 1284 1814 communem
1305 1747 1442 1812 redeunt
1463 1746 1551 1812 Dio·

252 1850 344 1932 nysio
368 1849 578 1933 superiorem.

337 1953 385 2018 De
407 1953 485 2034 ipsis
508 1953 603 2033 igitur
620 1952 826 2034 Panyassidis
848 1957 967 2036 poetae
983 1953 1154 2018 virtutibus
1172 1954 1297 2018 nullum
1316 1954 1404 2035 apud
1419 1956 1553 2018 veteres

253 2055 489 2120 dissensionem
511 2055 813 2135 animadvertimus,
837 2055 895 2120 sed
918 2057 1087 2121 dumtaxat
1109 2057 1150 2121 de
1173 2075 1285 2120 earum
1307 2057 1550 2122 aestimatione.
1661 2141 1662 2152 ἵ

252 2159 301 2226 De
333 2157 395 2221 hac
425 2161 535 2223 autem
565 2157 722 2223 dissensio
752 2159 812 2222 fuit
845 2178 945 2240 quam
975 2161 1118 2225 maxima
1149 2179 1221 2224 esse
1249 2163 1389 2240 poterat.
1442 2159 1551 2237 Quin-

252 2281 316 2342 que
346 2261 433 2324 enim
463 2261 544 2344 epici
573 2261 632 2338 illi,
651 2279 749 2347 ⁴quos
779 2263 1078 2342 praestantissimos
1106 2262 1316 2328 Alexandrini
1347 2261 1550 2342 delegerunt,

229 2367 323 2454 tam
356 2363 445 2427 vario
486 2363 600 2427 ordine
635 2363 723 2444 apud
755 2364 984 2444 grammaticos
1019 2369 1263 2442 enumerantur,
1304 2368 1340 2428 ut
1372 2363 1552 2445 Panyassis

253 2468 288 2532 in
311 2466 393 2530 serie
415 2485 482 2532 non
511 2465 618 2530 solum
648 2466 787 2532 alterum
818 2469 851 2530 et
880 2471 1032 2548 quartum
1061 2468 1169 2533 locum
1201 2471 1326 2545 teneat,
1360 2468 1419 2531 sed
1448 2467 1552 2532 etiam
1661 2507 1662 2512 κ

256 2570 386 2634 tertium
414 2574 446 2634 et
473 2572 685 2656 postremum.
694 2565 720 2652 2)
771 2569 933 2634 Constans
962 2573 995 2634 et
1016 2571 1110 2650 quasi
1132 2574 1356 2635 sacrosanctus
1379 2569 1475 2634 unius
1498 2572 1551 2633 est
1661 2567 1662 2634 j

253 2672 389 2738 Homeri
411 2672 510 2737 locus.

340 2776 410 2840 Hac
433 2776 635 2840 dissensione
654 2795 767 2840 eorum
788 2776 829 2840 de
845 2776 1047 2853 auctoritate,
1071 2776 1126 2857 qui
1141 2776 1176 2840 in
1191 2797 1364 2841 numerum
1382 2775 1551 2857 epicorum

255 2879 453 2960 optimorum
485 2879 606 2959 recepti
637 2882 744 2956 erant,
778 2879 917 2944 multum
947 2880 1129 2943 detractum
1160 2899 1231 2944 esse
1260 2898 1358 2945 nemo
1391 2883 1441 2944 est
1471 2879 1553 2960 quin
1661 2915 1662 2922 .

254 2981 429 3062 intellegat.
473 2980 522 3046 Ac
543 2985 636 3046 tanta
658 2986 694 3046 ut
717 3002 737 3046 a
758 2982 868 3046 multis
890 2982 1082 3063 legerentur,
1106 3001 1219 3046 eorum
1241 2983 1417 3047 auctoritas
1436 2985 1551 3062 poste·
1661 2993 1662 3044 ὲ

255 3084 340 3148 riore
368 3084 498 3164 quidem
522 3087 631 3148 aetate
653 3084 752 3148 foisse
775 3085 908 3148 omnino
938 3103 1005 3148 non
1033 3087 1152 3165 potest.
1203 3084 1288 3148 Nam
1313 3084 1458 3149 carmina
1481 3104 1551 3150 non
1661 3099 1662 3102 ’

255 3186 363 3250 solum
385 3185 601 3268 Panyassidis,
632 3186 690 3250 sed
721 3188 819 3250 etiarn
849 3187 1034 3252 AntImachi
1062 3191 1094 3252 et
1117 3188 1268 3255 Pisandri
1289 3190 1464 3270 perierunt,
1495 3189 1552 3268 qui
1661 3189 1662 3250 i

259 3289 293 3352 in
315 3288 368 3351 illo
391 3308 527 3354 numero
551 3309 665 3354 omnes
687 3289 920 3354 referebantur.
961 3289 1057 3367 Quod
1075 3291 1171 3372 igitur
1188 3291 1396 3373 Panyassidis
1419 3310 1554 3355 carmen
1661 3313 1662 3316 ¹

257 3391 336 3454 illud
357 3391 441 3455 tanti
464 3392 672 3458 aestimatum
693 3391 798 3473 perire
820 3393 935 3474 potuit,
958 3393 1004 3456 ita
1026 3394 1145 3458 mirum
1166 3412 1235 3457 non
1257 3397 1316 3459 est.

345 3493 470 3571 Quibus
498 3497 607 3558 autem
634 3494 676 3559 de
703 3495 807 3560 causis
834 3496 975 3575 perierit,
1005 3497 1234 3577 quaerentibus
1256 3497 1351 3562 nobis
1374 3515 1492 3561 causae
1515 3517 1552 3561 se
1661 3535 1662 3574 ,

256 3597 414 3678 praebent
448 3597 640 3678 complures.
695 3598 841 3662 Primum
874 3599 961 3663 enim
993 3598 1180 3679 Panyassis,
1218 3600 1374 3683 quoniam
1406 3598 1554 3664 similiter
1661 3613 1662 3686 l

258 3703 356 3781 atque
372 3699 585 3764 Antimachus
603 3701 756 3766 inusitato
775 3702 917 3766 sermoni
936 3701 1100 3779 studebat,
1121 3721 1189 3765 non
1207 3703 1345 3766 idoneus
1361 3702 1430 3779 luit,
1453 3721 1552 3782 quern

259 3803 403 3884 legerent
431 3802 533 3866 multi.
585 3803 694 3880 Quare
716 3808 752 3868 ut
773 3804 996 3886 Panyassidis,
1024 3803 1070 3869 ita
1091 3803 1277 3870 Antimachi
1299 3805 1444 3870 carmina
1464 3806 1552 3887 peri-

206 3987 207 3990 ,
259 3909 363 3982 erunt,
394 3906 484 3969 cuius
510 3925 552 3969 ne
579 3925 700 3969 nomen
729 3906 860 3987 quidem
883 3907 1003 3970 multos
1027 3907 1168 3985 scivisse,
1197 3911 1373 3988 antequam
1394 3907 1555 3972 Hadriani
1661 3945 1662 3952 .

347 4110 367 4178 ¹)
394 4110 564 4166 Contrariam
582 4112 738 4181 opinionem
756 4113 925 4180 protulerunt
943 4113 1101 4168 Tzschimer
1118 4130 1144 4181 p.
1163 4113 1208 4179 26,
1233 4115 1280 4182 qui
1303 4119 1396 4168 tamen
1420 4113 1474 4168 alia
1492 4114 1554 4170 Dio·
1661 4109 1662 4120 ³

259 4196 328 4264 nysii
346 4197 429 4251 verba
448 4197 614 4264 Quintiliano
632 4198 774 4266 proposita
796 4199 879 4252 fuisse
904 4199 1063 4264 arbitratur,
1087 4204 1113 4252 et
1132 4199 1161 4252 G.
1181 4200 1295 4264 Sleffen,
1321 4201 1354 4253 de
1377 4216 1484 4253 canone
1507 4203 1555 4270 qui
1661 4251 1662 4256 ,

260 4282 357 4336 dicitur
373 4283 562 4351 Aristophanis
580 4288 606 4338 el
623 4284 782 4350 Aristarchi,
801 4284 871 4338 Dies.
889 4285 961 4352 Lips.
981 4285 1060 4351 1876,
1079 4301 1105 4352 p.
1124 4285 1165 4337 AS.
1184 4285 1227 4338 19.
1261 4285 1346 4339 Valde
1364 4285 1456 4349 doleo,
1480 4289 1555 4354 quod
1661 4283 1662 4330 ἓ

259 4369 410 4422 Usenerum
429 4370 462 4423 de
479 4369 522 4422 his
539 4371 619 4424 rebus
637 4369 794 4424 disseruisse
817 4369 949 4438 (Dionysii
966 4369 1025 4423 Hal.
1044 4370 1175 4424 librorum
1199 4371 1232 4423 de
1244 4371 1399 4434 ,imitatione
1417 4371 1555 4440 reliquiae,

260 4454 374 4508 Bonnae
391 4455 467 4518 1889)
485 4455 570 4509 serius
588 4456 705 4524 cognovi
722 4471 806 4523 quam
824 4462 854 4510 ut
871 4456 951 4510 huius
967 4451 1134 4524 quaestionis
1149 4456 1282 4510 rationem
1297 4456 1396 4510 hahere
1409 4459 1554 4524 potuerim.

350 4539 371 4607 ²)
397 4541 437 4594 De
455 4541 507 4594 hac
525 4558 553 4595 re
570 4541 761 4594 Tzschirnenrs
779 4541 871 4596 omnia
889 4541 995 4611 collegit
1012 4558 1038 4610 p.
1057 4541 1099 4594 13.
1118 4541 1160 4594 tl.
