3330 5214
623 443 833 506 ..59-

97 613 130 676 ad
144 615 277 694 poetam
296 612 442 694 quadret.
476 613 740 678 Halicarnasseus
764 613 849 677 enlm
872 631 974 693 aeque
997 615 1095 694 poeta
1117 633 1155 679 ac
1176 614 1374 679 somniorum

96 716 240 796 interpres
262 715 331 791 fuit,
354 735 452 796 quem
471 715 587 780 Suidas
605 735 672 780 non
691 716 788 792 solus,
812 717 869 780 sed
891 716 987 780 etiam
1004 715 1261 802 Artemidorus3)
1285 718 1374 782 Hali-

96 837 288 883 camasseum
309 818 464 883 nominet.
503 817 670 903 ,Νεώτερος
692 821 801 882 autem
825 820 1024 884 somniorum
1047 820 1204 900 interpres
1227 819 1287 884 dici
1309 839 1377 884 non

95 921 197 1002 potuit,
227 921 287 985 nisi
317 919 405 1003 quod
434 920 604 1002 Panyassis
633 925 732 1002 poeta
761 921 864 986 maior
895 923 1079 1004 putabatur.
1132 921 1193 999 Qui
1227 941 1299 986 cum
1333 923 1374 986 ah

96 1023 151 1087 aliis
178 1023 219 1087 ol.
244 1025 285 1088 78
312 1026 417 1100 natus,
447 1024 488 1087 ab
516 1023 585 1087 aliis
613 1025 716 1089 multo
744 1025 891 1106 superior
918 1025 1050 1101 dicatur,
1079 1026 1143 1090 duo
1166 1025 1377 1108 Panyassides

95 1128 189 1189 aetate
219 1125 334 1190 diversi
362 1125 512 1190 videntur
541 1126 666 1191 confusi
696 1147 776 1206 esse,
808 1149 946 1210 quorum
974 1129 1080 1193 minor
1107 1129 1195 1192 idem
1220 1128 1316 1192 fuerit
1338 1148 1375 1193 ac

95 1229 282 1293 somniorum
315 1228 367 1293 ille
400 1229 544 1310 scriptor.
600 1228 705 1294 Etiam
732 1250 810 1295 vero
840 1232 935 1310 liber,
969 1232 1023 1312 qui
1057 1232 1097 1295 de
1131 1231 1263 1295 somniis
1296 1236 1375 1309 erat,

94 1331 269 1414 Panyassidi
297 1335 431 1413 poetae,
461 1336 497 1396 ut
526 1331 581 1413 qui
610 1334 826 1416 τερατοσκόπος
855 1337 1053 1412 nominetur,
1088 1333 1157 1416 pari
1183 1339 1251 1398 iure
1279 1333 1376 1398 tribui

95 1453 125 1497 ac
150 1434 343 1516 philosopho
379 1438 497 1516 potest.
554 1435 639 1499 Nam
675 1437 717 1500 ab
751 1436 947 1522 Hesychioll
980 1438 1117 1502 verbum
1149 1439 1375 1522 τερατοσκόπος,

95 1538 171 1617 quod
194 1538 412 1615 obsoleverat,
441 1539 541 1602 verbo
565 1540 761 1624 ὀνειροκρίτης
783 1539 937 1604 redditur.
981 1541 1088 1622 Atque
1117 1539 1340 1621 Hermogenes
1348 1538 1374 1623 ⁵)

94 1639 317 1732 Antiphontem
340 1641 513 1721 quendam,
537 1641 590 1722 qui
620 1645 686 1727 περὶ
711 1645 834 1728 κρίσεως
865 1646 986 1729 ὀνείρων
1008 1643 1125 1707 librum
1148 1641 1281 1724 scripsit,
1304 1646 1375 1706 turn

94 1745 308 1827 τερατοσκόπων,
335 1746 404 1807 tum
433 1747 628 1830 ὀνειροκρίτην
651 1735 802 1826 appellat.
847 1745 1067 1828 Quaecunque
1089 1745 1182 1828 igitur
1205 1746 1246 1810 de
1268 1746 1375 1828 Pany-

95 1848 190 1911 asside
220 1848 422 1912 somniorum
450 1848 626 1928 interprete
658 1850 844 1925 traduntur,
878 1849 1065 1931 philosophi
1098 1867 1234 1926 nomen,
1267 1849 1371 1929 patria

94 1950 341 2027 Halicarnassea,
373 1954 465 2015 aetas
491 1951 608 2028 minor,
640 1951 713 2014 libri
740 1952 941 2016 somniorum
963 1953 1166 2033 interpretes
1195 1951 1311 2016 eadem
1333 1951 1376 2015 ad

94 2056 215 2132 poetam
245 2054 405 2134 quadrare
436 2058 506 2118 tam
535 2057 684 2134 apertum
712 2057 771 2131 est,
801 2059 837 2119 ut
864 2055 941 2135 quin
971 2054 1023 2118 illc
1042 2071 1116 2119 cum
1138 2055 1201 2118 hoc
1224 2054 1376 2118 confusus

95 2159 181 2236 atque
202 2155 291 2220 idern
312 2156 490 2220 disiunctus
512 2157 555 2220 ab
579 2175 618 2220 eo
640 2156 815 2234 habeatur,
847 2158 989 2221 dubitari
1019 2159 1152 2221 omnino
1174 2176 1241 2221 non
1262 2157 1376 2238 possit,

94 2259 275 2337 praesertim
301 2279 375 2324 cum
403 2261 600 2324 documento
627 2260 818 2340 gravissimo
841 2279 893 2324 res
916 2261 1134 2337 confirmetur,
1156 2260 1244 2340 quod
1267 2259 1375 2341 adhuc

94 2363 326 2427 reservavimus.
360 2362 450 2427 Idem
474 2363 560 2427 enim
583 2363 610 2426 si
629 2363 801 2446 Panyassis
822 2365 1039 2449 τερατοσκόπος
1059 2367 1158 2444 atque
1180 2364 1376 2447 ὀνειροκρίτης

94 2463 154 2541 fuit,
165 2465 355 2548 Panyassidi
368 2465 459 2547 epico
474 2468 510 2529 ut
522 2463 744 2547 prodigiorum
752 2466 920 2547 interpreti
932 2467 1066 2530 eosdem
1077 2466 1119 2530 de
1131 2465 1264 2529 somniis
1275 2465 1375 2529 libros

96 2569 258 2633 attributos
277 2589 349 2633 esse
366 2587 500 2633 necesse
519 2572 577 2645 est,
595 2588 677 2649 quos
696 2569 868 2651 Panyassis
887 2570 995 2633 minor
1013 2569 1179 2650 scripsisse
1197 2568 1308 2632 fertur.
1336 2568 1375 2632 Et

96 2671 258 2736 attributos
276 2672 321 2735 illi
340 2691 470 2736 revera
489 2692 561 2736 esse
580 2672 613 2735 in
631 2672 704 2752 ipsa
717 2672 794 2748 vita,
815 2691 915 2753 qnam
932 2675 1120 2748 tractamus
1144 2672 1375 2735 documentum

96 2777 200 2852 exstat,
218 2775 306 2855 quod
324 2775 404 2838 latet
420 2775 454 2838 in
469 2775 629 2839 vocabulo
649 2777 708 2840 καί.
742 2775 778 2838 ld
794 2775 881 2838 enim
899 2779 974 2856 post
990 2775 1091 2838 verba
1110 2774 1220 2860 ἔγραψε
1241 2775 1284 2850 δέ,
1303 2793 1376 2837 cum

25 2911 26 2924 ν
96 2876 191 2940 omitti
212 2876 355 2954 deberet,
375 2877 522 2942 relictum
538 2881 613 2942 ante
631 2878 713 2942 haec
729 2879 829 2942 verba
847 2879 1002 2959 scriptum
1020 2877 1153 2958 aliquod
1170 2876 1377 2958 Panyassidis

25 3027 26 3052 ,
96 2978 168 3058 epici
178 2980 344 3061 quondam
359 2981 562 3044 nominatum
578 2981 709 3058 indicat,
725 2982 813 3062 quod
824 2997 910 3045 nunc
927 2982 968 3045 sit
982 2980 1257 3061 praetermissum.
1281 2978 1377 3060 Cogi-

25 3065 26 3124 Ῑ
96 3083 150 3144 tari
161 3087 269 3147 aulem
286 3082 327 3147 de
340 3083 430 3147 nullo
444 3083 508 3148 alio
522 3087 631 3165 polest
645 3084 707 3147 nisi
719 3085 760 3147 de
771 3083 854 3148 libro
867 3084 1069 3148 somniorum
1080 3084 1266 3164 interprete,
1278 3102 1377 3163 quem

97 3185 289 3250 nominatum
323 3185 392 3250 fore
424 3191 558 3268 propter
586 3188 723 3251 verbum
749 3189 965 3272 τερατοσκόπος
1000 3190 1235 3268 exspectamus.
1292 3185 1378 3249 Nam

25 3269 26 3330 Ψ
97 3286 168 3351 sicut
188 3290 289 3353 verba
310 3293 431 3374 ποιητὴς
455 3291 533 3355 ἐπῶν
560 3291 602 3353 ad
631 3291 774 3355 carmina
796 3294 955 3371 spectant,
980 3309 1063 3372 quae
1086 3290 1146 3353 sub
1169 3289 1269 3353 finem
1291 3289 1377 3352 vitae

25 3389 26 3430 ί
97 3391 304 3469 nominantur,
334 3391 380 3456 ita
405 3392 506 3456 verbo
534 3394 749 3478 τερατοσκόπος
774 3394 848 3457 libri
874 3394 1074 3459 mentionem
1099 3393 1297 3473 respondere
1320 3410 1376 3455 ex-

97 3495 300 3572 spectandum
328 3498 388 3571 est,
416 3515 516 3576 quam
544 3495 590 3559 ita
618 3496 740 3560 faciam
766 3515 852 3560 nunc
878 3497 1036 3573 videmus
1065 3499 1101 3560 ut
1129 3495 1227 3559 etiam
1254 3494 1376 3558 ordinis

25 3673 26 3678 ἵ
96 3596 259 3662 verborum
274 3601 491 3683 τερατοσκόπος
508 3601 557 3662 καὶ
574 3603 696 3684 ποιητὴς
714 3603 792 3664 ἐπῶν
808 3599 891 3664 ratio
908 3599 1093 3663 haberetur.
1125 3598 1217 3661 Nunc
1234 3597 1376 3677 quidem,

97 3701 240 3777 quoniam
260 3701 434 3782 Panyassis
456 3701 670 3781 philosophus
693 3701 780 3767 idem
804 3706 853 3766 est
875 3705 973 3781 atque
996 3701 1058 3778 illc,
1082 3701 1136 3782 qui
1161 3702 1377 3784 τερατοσκόπος

95 3803 280 3881 nominatur,
304 3804 439 3867 dubium
460 3823 527 3868 non
549 3808 609 3881 est,
632 3806 710 3886 quin
731 3805 917 3887 philosophi
939 3799 1114 3885 appellatio
1138 3804 1171 3867 in
1193 3803 1264 3867 solo
1287 3822 1376 3866 som-

95 3903 213 3970 niorum
234 3907 317 3971 libro
344 3907 452 3987 posita
474 3907 524 3970 sit.
575 3906 666 3984 Quae
694 3908 878 3990 appellatio,
908 3927 964 3971 cur
991 3907 1063 3988 ipso
1091 3906 1248 3970 hocloco
1270 3905 1376 3968 haud-

96 4024 249 4090 quaquam
279 4013 356 4090 apto
387 4010 430 4073 ad
465 4010 524 4073 viri
546 4011 655 4074 studia
684 4011 894 4092 significanda
925 4014 1082 4091 usurpata
1111 4011 1167 4086 sit,
1202 4009 1296 4073 facile
1328 4013 1377 4074 est

95 4107 265 4190 intellectu,
299 4113 375 4193 quia
407 4113 537 4194 saepius
569 4133 642 4177 eam
677 4114 722 4178 ita
757 4117 948 4194 usurpatam
979 4113 1199 4193 cognovimus.
1257 4112 1377 4176 Suidae

96 4214 173 4277 enim
195 4219 308 4280 auctor
330 4235 404 4279 curn
425 4217 624 4297 biographus
642 4216 748 4294 fuerit,
771 4217 839 4280 sine
859 4216 958 4280 dubio
975 4215 1148 4298 Panyassis
1166 4213 1273 4278 minor
1290 4215 1378 4296 apud

176 4384 196 4453 Ι)
223 4387 243 4440 1.
262 4387 287 4441 ό.
313 4387 334 4441 1.
353 4388 395 4446 64.

173 4469 195 4539 ²)
222 4490 243 4526 s
262 4489 289 4532 v,
308 4473 502 4544 τερατοσκόποι,
521 4473 693 4543 όνειροκρίται.

172 4555 195 4627 ³)
221 4559 261 4614 De
278 4559 323 4628 fig.
342 4575 380 4617 or.
398 4560 431 4614 Π.
449 4577 475 4628 p.
493 4560 553 4612 497.
580 4576 606 4627 ρ.
622 4559 765 4614 387Walz.
792 4559 987 4614 Testimonium
1006 4565 1150 4627 utrumque
1168 4560 1222 4613 iam
1240 4557 1377 4612 Tzschirn.

95 4655 117 4706 p.
134 4642 157 4696 8.
175 4646 191 4697 9
209 4645 304 4698 attulit.
