<?xml version="1.0" encoding="UTF-8"?>
<!DOCTYPE html PUBLIC "-//W3C//DTD XHTML 1.0 Transitional//EN"
    "http://www.w3.org/TR/xhtml1/DTD/xhtml1-transitional.dtd">
<html xmlns="http://www.w3.org/1999/xhtml" xml:lang="en" lang="en">
 <head>
  <title>
</title>
<meta http-equiv="Content-Type" content="text/html;charset=utf-8" />
  <meta name='ocr-system' content='tesseract 3.04.00' />
  <meta name='ocr-capabilities' content='ocr_page ocr_carea ocr_par ocr_line ocrx_word'/>
</head>
<body>
  <div class='ocr_page' id='page_1' title='image "./depanyasside01kraugoog_0015.png"; bbox 0 0 3330 5214; ppageno 0'>
   <div class='ocr_carea' id='block_1_1' title="bbox 786 407 998 471">
    <p class='ocr_par' dir='ltr' id='par_1_1' title="bbox 786 407 998 471">
     <span class='ocr_line' id='line_1_1' title="bbox 786 407 998 471; baseline 0 -17"><span class='ocrx_word' id='word_1_1' title='bbox 786 407 998 471; x_wconf 65' lang='lat'>..12-</span> 
     </span>
    </p>
   </div>
   <div class='ocr_carea' id='block_1_2' title="bbox 238 570 1542 2109">
    <p class='ocr_par' dir='ltr' id='par_1_2' title="bbox 245 570 1541 769">
     <span class='ocr_line' id='line_1_2' title="bbox 245 570 1541 664; baseline -0.004 -18"><span class='ocrx_word' id='word_1_2' title='bbox 245 581 472 664; x_wconf 87' lang='lat' dir='ltr'>personalibus</span> <span class='ocrx_word' id='word_1_3' title='bbox 501 577 685 659; x_wconf 57' lang='lat' dir='ltr'>’Odoouocm</span> <span class='ocrx_word' id='word_1_4' title='bbox 719 577 908 664; x_wconf 68' lang='grc' dir='ltr'>Κίσσαμιςῑ),</span> <span class='ocrx_word' id='word_1_5' title='bbox 934 570 1126 664; x_wconf 55' lang='grc' dir='ltr'><strong>Ἀρλιοοιςῗ)</strong></span> <span class='ocrx_word' id='word_1_6' title='bbox 1159 577 1359 659; x_wconf 83' lang='lat' dir='ltr'>respondent</span> <span class='ocrx_word' id='word_1_7' title='bbox 1390 575 1541 655; x_wconf 82' lang='grc' dir='ltr'>Οὐασσός,</span> 
     </span>
     <span class='ocr_line' id='line_1_3' title="bbox 245 674 873 769; baseline -0.002 -21"><span class='ocrx_word' id='word_1_8' title='bbox 245 681 445 767; x_wconf 77' lang='grc' dir='ltr'>Κίσσαμος3),</span> <span class='ocrx_word' id='word_1_9' title='bbox 459 674 658 769; x_wconf 56' lang='grc' dir='ltr'><strong>Ἀρλισοοό)</strong></span> <span class='ocrx_word' id='word_1_10' title='bbox 681 683 807 748; x_wconf 82' lang='lat' dir='ltr'>localia.</span> <span class='ocrx_word' id='word_1_11' title='bbox 832 719 873 730; x_wconf 92' lang='lat'><em>-</em></span> 
     </span>
    </p>

    <p class='ocr_par' dir='ltr' id='par_1_3' title="bbox 238 795 1542 2109">
     <span class='ocr_line' id='line_1_4' title="bbox 332 795 1541 889; baseline -0.004 -21"><span class='ocrx_word' id='word_1_12' title='bbox 332 802 447 867; x_wconf 84' lang='lat' dir='ltr'>Utrum</span> <span class='ocrx_word' id='word_1_13' title='bbox 471 828 490 867; x_wconf 85' lang='grc' dir='ltr'><strong><em>α</em></strong></span> <span class='ocrx_word' id='word_1_14' title='bbox 511 803 604 868; x_wconf 90' lang='lat' dir='ltr'>litera</span> <span class='ocrx_word' id='word_1_15' title='bbox 623 795 748 875; x_wconf 69' lang='grc' dir='ltr'>’Υααοις</span> <span class='ocrx_word' id='word_1_16' title='bbox 769 802 910 867; x_wconf 88' lang='lat' dir='ltr'>nominis</span> <span class='ocrx_word' id='word_1_17' title='bbox 932 802 1039 866; x_wconf 90' lang='lat' dir='ltr'>Ionice</span> <span class='ocrx_word' id='word_1_18' title='bbox 1061 801 1180 889; x_wconf 85' lang='lat' dir='ltr'>redditi</span> <span class='ocrx_word' id='word_1_19' title='bbox 1208 801 1242 865; x_wconf 90' lang='lat' dir='ltr'>in</span> <span class='ocrx_word' id='word_1_20' title='bbox 1264 827 1284 885; x_wconf 79' lang='grc' dir='ltr'>η</span> <span class='ocrx_word' id='word_1_21' title='bbox 1306 799 1472 864; x_wconf 87' lang='lat' dir='ltr'>transierit</span> <span class='ocrx_word' id='word_1_22' title='bbox 1496 820 1541 864; x_wconf 93' lang='lat' dir='ltr'>an</span> 
     </span>
     <span class='ocr_line' id='line_1_5' title="bbox 247 903 1542 988; baseline -0.002 -18"><span class='ocrx_word' id='word_1_23' title='bbox 247 911 375 970; x_wconf 88' lang='lat' dir='ltr'>servata</span> <span class='ocrx_word' id='word_1_24' title='bbox 386 906 437 984; x_wconf 92' lang='lat' dir='ltr'>sit,</span> <span class='ocrx_word' id='word_1_25' title='bbox 449 907 585 970; x_wconf 90' lang='lat' dir='ltr'>dubium</span> <span class='ocrx_word' id='word_1_26' title='bbox 594 906 815 988; x_wconf 89' lang='lat' dir='ltr'>relinquimus.</span> <span class='ocrx_word' id='word_1_27' title='bbox 837 906 962 987; x_wconf 81' lang='lat' dir='ltr'>Aperta</span> <span class='ocrx_word' id='word_1_28' title='bbox 978 905 1110 988; x_wconf 88' lang='lat' dir='ltr'>quidem</span> <span class='ocrx_word' id='word_1_29' title='bbox 1122 923 1174 968; x_wconf 88' lang='lat' dir='ltr'>res</span> <span class='ocrx_word' id='word_1_30' title='bbox 1187 906 1284 984; x_wconf 89' lang='lat' dir='ltr'>esset,</span> <span class='ocrx_word' id='word_1_31' title='bbox 1300 903 1327 968; x_wconf 90' lang='lat' dir='ltr'>si</span> <span class='ocrx_word' id='word_1_32' title='bbox 1342 904 1542 976; x_wconf 67' lang='lat' dir='ltr'>concentus</span> 
     </span>
     <span class='ocr_line' id='line_1_6' title="bbox 245 1005 1541 1091; baseline -0.002 -19"><span class='ocrx_word' id='word_1_33' title='bbox 245 1027 306 1090; x_wconf 92' lang='lat' dir='ltr'>pro</span> <span class='ocrx_word' id='word_1_34' title='bbox 329 1007 446 1072; x_wconf 86' lang='lat' dir='ltr'>suffixo</span> <span class='ocrx_word' id='word_1_35' title='bbox 468 1008 523 1072; x_wconf 92' lang='lat' dir='ltr'>illo</span> <span class='ocrx_word' id='word_1_36' title='bbox 545 1009 717 1073; x_wconf 87' lang='lat' dir='ltr'>habendus</span> <span class='ocrx_word' id='word_1_37' title='bbox 740 1012 836 1088; x_wconf 91' lang='lat' dir='ltr'>esset,</span> <span class='ocrx_word' id='word_1_38' title='bbox 860 1009 948 1091; x_wconf 88' lang='lat' dir='ltr'>quod</span> <span class='ocrx_word' id='word_1_39' title='bbox 970 1009 1004 1072; x_wconf 93' lang='lat' dir='ltr'>in</span> <span class='ocrx_word' id='word_1_40' title='bbox 1027 1005 1201 1079; x_wconf 79' lang='grc' dir='ltr'>Ὀἁσσασσις</span> <span class='ocrx_word' id='word_1_41' title='bbox 1222 1007 1354 1070; x_wconf 89' lang='lat' dir='ltr'>nomine</span> <span class='ocrx_word' id='word_1_42' title='bbox 1377 1009 1483 1071; x_wconf 85' lang='lat' dir='ltr'>exstat</span> <span class='ocrx_word' id='word_1_43' title='bbox 1508 1011 1541 1070; x_wconf 93' lang='lat' dir='ltr'>et</span> 
     </span>
     <span class='ocr_line' id='line_1_7' title="bbox 246 1109 1542 1184; baseline -0.001 -10"><span class='ocrx_word' id='word_1_44' title='bbox 246 1110 280 1174; x_wconf 93' lang='lat' dir='ltr'>in</span> <span class='ocrx_word' id='word_1_45' title='bbox 312 1111 498 1175; x_wconf 90' lang='lat' dir='ltr'>nominibus</span> <span class='ocrx_word' id='word_1_46' title='bbox 529 1110 687 1175; x_wconf 85' lang='lat' dir='ltr'>localibus</span> <span class='ocrx_word' id='word_1_47' title='bbox 718 1136 808 1184; x_wconf 80' lang='grc' dir='ltr'>ασσος</span> <span class='ocrx_word' id='word_1_48' title='bbox 838 1115 896 1176; x_wconf 92' lang='lat' dir='ltr'>est.</span> <span class='ocrx_word' id='word_1_49' title='bbox 951 1111 1023 1175; x_wconf 89' lang='lat' dir='ltr'>Hoc</span> <span class='ocrx_word' id='word_1_50' title='bbox 1052 1110 1138 1174; x_wconf 90' lang='lat' dir='ltr'>enim</span> <span class='ocrx_word' id='word_1_51' title='bbox 1167 1128 1235 1173; x_wconf 95' lang='lat' dir='ltr'>non</span> <span class='ocrx_word' id='word_1_52' title='bbox 1263 1109 1369 1174; x_wconf 91' lang='lat' dir='ltr'>solum</span> <span class='ocrx_word' id='word_1_53' title='bbox 1396 1134 1479 1181; x_wconf 81' lang='grc' dir='ltr'>ασσις</span> <span class='ocrx_word' id='word_1_54' title='bbox 1508 1114 1542 1174; x_wconf 93' lang='lat' dir='ltr'>et</span> 
     </span>
     <span class='ocr_line' id='line_1_8' title="bbox 248 1211 1540 1299; baseline -0.002 -21"><span class='ocrx_word' id='word_1_55' title='bbox 248 1239 338 1286; x_wconf 79' lang='grc' dir='ltr'>ασσος</span> <span class='ocrx_word' id='word_1_56' title='bbox 365 1214 487 1292; x_wconf 70' lang='lat' dir='ltr'>formis</span> <span class='ocrx_word' id='word_1_57' title='bbox 518 1214 578 1279; x_wconf 90' lang='lat' dir='ltr'>sed</span> <span class='ocrx_word' id='word_1_58' title='bbox 604 1214 704 1278; x_wconf 87' lang='lat' dir='ltr'>etiarn</span> <span class='ocrx_word' id='word_1_59' title='bbox 730 1214 847 1279; x_wconf 91' lang='lat' dir='ltr'>Ionicis</span> <span class='ocrx_word' id='word_1_60' title='bbox 872 1239 955 1299; x_wconf 80' lang='grc' dir='ltr'><strong>ησοις</strong></span> <span class='ocrx_word' id='word_1_61' title='bbox 982 1217 1015 1278; x_wconf 92' lang='lat' dir='ltr'>et</span> <span class='ocrx_word' id='word_1_62' title='bbox 1041 1238 1132 1298; x_wconf 81' lang='grc' dir='ltr'><strong>ηοσος</strong></span> <span class='ocrx_word' id='word_1_63' title='bbox 1140 1211 1167 1297; x_wconf 87' lang='lat'>⁵)</span> <span class='ocrx_word' id='word_1_64' title='bbox 1189 1213 1345 1277; x_wconf 89' lang='lat' dir='ltr'>traditum</span> <span class='ocrx_word' id='word_1_65' title='bbox 1367 1212 1540 1277; x_wconf 86' lang='lat' dir='ltr'>habemus.</span> 
     </span>
     <span class='ocr_line' id='line_1_9' title="bbox 246 1315 1540 1397; baseline 0.001 -18"><span class='ocrx_word' id='word_1_66' title='bbox 246 1316 290 1379; x_wconf 89' lang='lat' dir='ltr'>At</span> <span class='ocrx_word' id='word_1_67' title='bbox 319 1316 370 1379; x_wconf 92' lang='lat' dir='ltr'>bis</span> <span class='ocrx_word' id='word_1_68' title='bbox 397 1316 484 1380; x_wconf 90' lang='lat' dir='ltr'>idem</span> <span class='ocrx_word' id='word_1_69' title='bbox 515 1317 668 1381; x_wconf 85' lang='lat' dir='ltr'>suffixum</span> <span class='ocrx_word' id='word_1_70' title='bbox 694 1317 728 1381; x_wconf 91' lang='lat' dir='ltr'>in</span> <span class='ocrx_word' id='word_1_71' title='bbox 751 1315 926 1390; x_wconf 80' lang='grc' dir='ltr'>Ὀόιοααοσις</span> <span class='ocrx_word' id='word_1_72' title='bbox 951 1317 1083 1382; x_wconf 89' lang='lat' dir='ltr'>nomine</span> <span class='ocrx_word' id='word_1_73' title='bbox 1110 1335 1183 1380; x_wconf 89' lang='lat' dir='ltr'>esse</span> <span class='ocrx_word' id='word_1_74' title='bbox 1210 1333 1278 1378; x_wconf 91' lang='lat' dir='ltr'>non</span> <span class='ocrx_word' id='word_1_75' title='bbox 1299 1318 1419 1397; x_wconf 90' lang='lat' dir='ltr'>potest,</span> <span class='ocrx_word' id='word_1_76' title='bbox 1447 1316 1540 1380; x_wconf 90' lang='lat' dir='ltr'>cuius</span> 
     </span>
     <span class='ocr_line' id='line_1_10' title="bbox 246 1414 1541 1502; baseline 0 -20"><span class='ocrx_word' id='word_1_77' title='bbox 246 1418 387 1484; x_wconf 91' lang='lat' dir='ltr'>nominis</span> <span class='ocrx_word' id='word_1_78' title='bbox 408 1420 551 1500; x_wconf 88' lang='lat' dir='ltr'>priorem</span> <span class='ocrx_word' id='word_1_79' title='bbox 571 1425 701 1501; x_wconf 90' lang='lat' dir='ltr'>partem</span> <span class='ocrx_word' id='word_1_80' title='bbox 723 1421 878 1502; x_wconf 89' lang='lat' dir='ltr'>quoniam</span> <span class='ocrx_word' id='word_1_81' title='bbox 900 1421 1086 1485; x_wconf 90' lang='lat' dir='ltr'>nominibus</span> <span class='ocrx_word' id='word_1_82' title='bbox 1102 1414 1227 1490; x_wconf 80' lang='grc' dir='ltr'>’Υασσις</span> <span class='ocrx_word' id='word_1_83' title='bbox 1245 1422 1277 1482; x_wconf 91' lang='lat' dir='ltr'>et</span> <span class='ocrx_word' id='word_1_84' title='bbox 1294 1417 1429 1491; x_wconf 78' lang='grc' dir='ltr'>Οὐασοός</span> <span class='ocrx_word' id='word_1_85' title='bbox 1446 1419 1541 1484; x_wconf 84' lang='lat' dir='ltr'>reddi</span> 
     </span>
     <span class='ocr_line' id='line_1_11' title="bbox 246 1521 1540 1606; baseline 0.002 -22"><span class='ocrx_word' id='word_1_86' title='bbox 246 1521 396 1599; x_wconf 68' lang='lat' dir='ltr'>vidimus</span> <span class='ocrx_word' id='word_1_87' title='bbox 418 1521 497 1586; x_wconf 93' lang='lat' dir='ltr'>nihil</span> <span class='ocrx_word' id='word_1_88' title='bbox 520 1526 579 1600; x_wconf 91' lang='lat' dir='ltr'>est,</span> <span class='ocrx_word' id='word_1_89' title='bbox 602 1543 642 1587; x_wconf 87' lang='lat' dir='ltr'>ex</span> <span class='ocrx_word' id='word_1_90' title='bbox 664 1542 730 1604; x_wconf 91' lang='lat' dir='ltr'>quo</span> <span class='ocrx_word' id='word_1_91' title='bbox 752 1524 786 1587; x_wconf 92' lang='lat' dir='ltr'>in</span> <span class='ocrx_word' id='word_1_92' title='bbox 807 1524 846 1588; x_wconf 90' lang='lat' dir='ltr'>iis</span> <span class='ocrx_word' id='word_1_93' title='bbox 869 1549 889 1589; x_wconf 89' lang='grc' dir='ltr'><em>α</em></span> <span class='ocrx_word' id='word_1_94' title='bbox 910 1524 1037 1588; x_wconf 83' lang='lat' dir='ltr'>literam</span> <span class='ocrx_word' id='word_1_95' title='bbox 1059 1522 1167 1587; x_wconf 90' lang='lat' dir='ltr'>Ionice</span> <span class='ocrx_word' id='word_1_96' title='bbox 1189 1523 1256 1606; x_wconf 62' lang='lat' dir='ltr'>inp</span> <span class='ocrx_word' id='word_1_97' title='bbox 1275 1521 1432 1585; x_wconf 71' lang='lat' dir='ltr'>transisse</span> <span class='ocrx_word' id='word_1_98' title='bbox 1451 1526 1540 1586; x_wconf 89' lang='lat' dir='ltr'>certe</span> 
     </span>
     <span class='ocr_line' id='line_1_12' title="bbox 247 1616 1538 1711; baseline 0.002 -24"><span class='ocrx_word' id='word_1_99' title='bbox 247 1628 415 1705; x_wconf 84' lang='lat' dir='ltr'>appareat.</span> <span class='ocrx_word' id='word_1_100' title='bbox 449 1625 562 1708; x_wconf 88' lang='lat' dir='ltr'>Neque</span> <span class='ocrx_word' id='word_1_101' title='bbox 577 1626 664 1691; x_wconf 91' lang='lat' dir='ltr'>enim</span> <span class='ocrx_word' id='word_1_102' title='bbox 678 1644 800 1691; x_wconf 89' lang='lat' dir='ltr'>nomen</span> <span class='ocrx_word' id='word_1_103' title='bbox 816 1626 975 1705; x_wconf 89' lang='lat' dir='ltr'>Caricum,</span> <span class='ocrx_word' id='word_1_104' title='bbox 992 1627 1081 1708; x_wconf 90' lang='lat' dir='ltr'>quod</span> <span class='ocrx_word' id='word_1_105' title='bbox 1097 1626 1240 1691; x_wconf 91' lang='lat' dir='ltr'>nominis</span> <span class='ocrx_word' id='word_1_106' title='bbox 1256 1625 1397 1689; x_wconf 84' lang='lat' dir='ltr'>formam</span> <span class='ocrx_word' id='word_1_107' title='bbox 1412 1616 1538 1711; x_wconf 78' lang='grc' dir='ltr'>Ὗησσις</span> 
     </span>
     <span class='ocr_line' id='line_1_13' title="bbox 248 1728 1538 1812; baseline 0 -21"><span class='ocrx_word' id='word_1_108' title='bbox 248 1746 380 1809; x_wconf 88' lang='lat' dir='ltr'>quoquo</span> <span class='ocrx_word' id='word_1_109' title='bbox 402 1729 502 1793; x_wconf 92' lang='lat' dir='ltr'>modo</span> <span class='ocrx_word' id='word_1_110' title='bbox 524 1728 655 1807; x_wconf 91' lang='lat' dir='ltr'>indicet,</span> <span class='ocrx_word' id='word_1_111' title='bbox 676 1729 778 1797; x_wconf 90' lang='lat' dir='ltr'>ullum</span> <span class='ocrx_word' id='word_1_112' title='bbox 800 1730 969 1794; x_wconf 90' lang='lat' dir='ltr'>invenitur.</span> <span class='ocrx_word' id='word_1_113' title='bbox 1008 1729 1043 1795; x_wconf 90' lang='lat' dir='ltr'>Si</span> <span class='ocrx_word' id='word_1_114' title='bbox 1064 1749 1141 1794; x_wconf 89' lang='lat' dir='ltr'>vero</span> <span class='ocrx_word' id='word_1_115' title='bbox 1165 1749 1205 1794; x_wconf 84' lang='lat' dir='ltr'>ex</span> <span class='ocrx_word' id='word_1_116' title='bbox 1227 1728 1373 1812; x_wconf 78' lang='grc' dir='ltr'>Ἀαοησός</span> <span class='ocrx_word' id='word_1_117' title='bbox 1395 1728 1538 1806; x_wconf 90' lang='lat' dir='ltr'>nomine,</span> 
     </span>
     <span class='ocr_line' id='line_1_14' title="bbox 248 1828 1540 1914; baseline 0 -20"><span class='ocrx_word' id='word_1_118' title='bbox 248 1830 336 1894; x_wconf 90' lang='lat' dir='ltr'>cuius</span> <span class='ocrx_word' id='word_1_119' title='bbox 350 1850 426 1912; x_wconf 89' lang='lat' dir='ltr'>pars</span> <span class='ocrx_word' id='word_1_120' title='bbox 441 1832 530 1914; x_wconf 91' lang='lat' dir='ltr'>prior</span> <span class='ocrx_word' id='word_1_121' title='bbox 544 1831 578 1896; x_wconf 92' lang='lat' dir='ltr'>in</span> <span class='ocrx_word' id='word_1_122' title='bbox 590 1828 727 1904; x_wconf 81' lang='grc' dir='ltr'>Οὐασσός</span> <span class='ocrx_word' id='word_1_123' title='bbox 742 1833 874 1897; x_wconf 88' lang='lat' dir='ltr'>nomine</span> <span class='ocrx_word' id='word_1_124' title='bbox 890 1833 992 1897; x_wconf 91' lang='lat' dir='ltr'>latere</span> <span class='ocrx_word' id='word_1_125' title='bbox 1008 1834 1144 1910; x_wconf 88' lang='lat' dir='ltr'>videtur,</span> <span class='ocrx_word' id='word_1_126' title='bbox 1162 1832 1394 1897; x_wconf 84' lang='lat' dir='ltr'>documentum</span> <span class='ocrx_word' id='word_1_127' title='bbox 1410 1850 1540 1895; x_wconf 87' lang='lat' dir='ltr'>sumere</span> 
     </span>
     <span class='ocr_line' id='line_1_15' title="bbox 247 1929 1541 2019; baseline 0.002 -24"><span class='ocrx_word' id='word_1_128' title='bbox 247 1931 331 2010; x_wconf 84' lang='lat' dir='ltr'>licet,</span> <span class='ocrx_word' id='word_1_129' title='bbox 360 1929 540 2007; x_wconf 80' lang='grc' dir='ltr'>Ὀάσσασοις</span> <span class='ocrx_word' id='word_1_130' title='bbox 574 1938 606 1999; x_wconf 84' lang='lat' dir='ltr'>et</span> <span class='ocrx_word' id='word_1_131' title='bbox 631 1929 755 2007; x_wconf 70' lang='grc' dir='ltr'>’Υασσις</span> <span class='ocrx_word' id='word_1_132' title='bbox 787 1935 921 1999; x_wconf 85' lang='lat' dir='ltr'>nomina</span> <span class='ocrx_word' id='word_1_133' title='bbox 951 1936 1058 2000; x_wconf 85' lang='lat' dir='ltr'>Ionice</span> <span class='ocrx_word' id='word_1_134' title='bbox 1081 1935 1167 2000; x_wconf 86' lang='lat' dir='ltr'>dicta</span> <span class='ocrx_word' id='word_1_135' title='bbox 1190 1938 1265 1999; x_wconf 86' lang='lat' dir='ltr'>sunt</span> <span class='ocrx_word' id='word_1_136' title='bbox 1292 1931 1473 2019; x_wconf 76' lang='grc' dir='ltr'>Ὀάοσησσις</span> <span class='ocrx_word' id='word_1_137' title='bbox 1507 1937 1541 1998; x_wconf 84' lang='lat' dir='ltr'>et</span> 
     </span>
     <span class='ocr_line' id='line_1_16' title="bbox 238 2025 373 2109; baseline 0.022 -11"><span class='ocrx_word' id='word_1_138' title='bbox 238 2025 373 2109; x_wconf 82' lang='grc' dir='ltr'><strong>Ὕασσις.</strong></span> 
     </span>
    </p>
   </div>
   <div class='ocr_carea' id='block_1_3' title="bbox 248 2156 1539 2444">
    <p class='ocr_par' dir='ltr' id='par_1_4' title="bbox 248 2156 1539 2444">
     <span class='ocr_line' id='line_1_17' title="bbox 333 2156 1539 2240; baseline 0 -20"><span class='ocrx_word' id='word_1_139' title='bbox 333 2156 432 2222; x_wconf 91' lang='lat' dir='ltr'>Plura</span> <span class='ocrx_word' id='word_1_140' title='bbox 458 2157 498 2221; x_wconf 89' lang='lat' dir='ltr'>de</span> <span class='ocrx_word' id='word_1_141' title='bbox 521 2159 687 2229; x_wconf 78' lang='grc' dir='ltr'><strong>Πανύασσις</strong></span> <span class='ocrx_word' id='word_1_142' title='bbox 716 2158 848 2222; x_wconf 88' lang='lat' dir='ltr'>nomine</span> <span class='ocrx_word' id='word_1_143' title='bbox 874 2157 937 2222; x_wconf 89' lang='lat' dir='ltr'>dici</span> <span class='ocrx_word' id='word_1_144' title='bbox 964 2176 1031 2222; x_wconf 93' lang='lat' dir='ltr'>non</span> <span class='ocrx_word' id='word_1_145' title='bbox 1057 2161 1205 2240; x_wconf 87' lang='lat' dir='ltr'>possunt,</span> <span class='ocrx_word' id='word_1_146' title='bbox 1234 2158 1312 2238; x_wconf 84' lang='lat' dir='ltr'>quin</span> <span class='ocrx_word' id='word_1_147' title='bbox 1340 2157 1374 2220; x_wconf 93' lang='lat' dir='ltr'>in</span> <span class='ocrx_word' id='word_1_148' title='bbox 1394 2157 1539 2238; x_wconf 82' lang='lat' dir='ltr'>linguam</span> 
     </span>
     <span class='ocr_line' id='line_1_18' title="bbox 248 2257 1538 2342; baseline 0 -20"><span class='ocrx_word' id='word_1_149' title='bbox 248 2257 395 2324; x_wconf 84' lang='lat' dir='ltr'>Caricam</span> <span class='ocrx_word' id='word_1_150' title='bbox 428 2260 535 2324; x_wconf 88' lang='lat' dir='ltr'>adhuc</span> <span class='ocrx_word' id='word_1_151' title='bbox 562 2261 826 2326; x_wconf 88' lang='lat' dir='ltr'>obscurissimam</span> <span class='ocrx_word' id='word_1_152' title='bbox 856 2261 1035 2326; x_wconf 84' lang='lat' dir='ltr'>accuratius</span> <span class='ocrx_word' id='word_1_153' title='bbox 1062 2261 1251 2342; x_wconf 78' lang='lat' dir='ltr'>mquiratur.</span> <span class='ocrx_word' id='word_1_154' title='bbox 1303 2259 1351 2323; x_wconf 94' lang='lat' dir='ltr'>De</span> <span class='ocrx_word' id='word_1_155' title='bbox 1381 2279 1421 2324; x_wconf 88' lang='lat' dir='ltr'>ea</span> <span class='ocrx_word' id='word_1_156' title='bbox 1453 2278 1538 2342; x_wconf 89' lang='lat' dir='ltr'>quae</span> 
     </span>
     <span class='ocr_line' id='line_1_19' title="bbox 248 2361 914 2444; baseline 0.005 -20"><span class='ocrx_word' id='word_1_157' title='bbox 248 2361 500 2439; x_wconf 83' lang='lat' dir='ltr'>observavimus,</span> <span class='ocrx_word' id='word_1_158' title='bbox 524 2362 587 2426; x_wconf 93' lang='lat' dir='ltr'>alio</span> <span class='ocrx_word' id='word_1_159' title='bbox 609 2362 681 2426; x_wconf 92' lang='lat' dir='ltr'>loco</span> <span class='ocrx_word' id='word_1_160' title='bbox 705 2381 914 2444; x_wconf 86' lang='lat' dir='ltr'>exponemus.</span> 
     </span>
    </p>
   </div>
   <div class='ocr_carea' id='block_1_4' title="bbox 754 2689 1033 2789">
    <p class='ocr_par' dir='ltr' id='par_1_5' title="bbox 754 2689 1033 2789">
     <span class='ocr_line' id='line_1_20' title="bbox 754 2689 1033 2789; baseline 0.004 -21"><span class='ocrx_word' id='word_1_161' title='bbox 754 2689 791 2768; x_wconf 95' lang='grc' dir='ltr'>ΙΙ.</span> <span class='ocrx_word' id='word_1_162' title='bbox 829 2691 878 2770; x_wconf 82' lang='lat' dir='ltr'>lte</span> <span class='ocrx_word' id='word_1_163' title='bbox 906 2691 1033 2789; x_wconf 83' lang='lat' dir='ltr'>patria</span> 
     </span>
    </p>
   </div>
   <div class='ocr_carea' id='block_1_5' title="bbox 247 2841 1539 3730">
    <p class='ocr_par' dir='ltr' id='par_1_6' title="bbox 247 2841 1539 3730">
     <span class='ocr_line' id='line_1_21' title="bbox 334 2841 1535 2926; baseline 0.001 -21"><span class='ocrx_word' id='word_1_164' title='bbox 334 2841 600 2908; x_wconf 89' lang='lat' dir='ltr'>Halicarnasseus</span> <span class='ocrx_word' id='word_1_165' title='bbox 623 2845 701 2926; x_wconf 90' lang='lat' dir='ltr'>quin</span> <span class='ocrx_word' id='word_1_166' title='bbox 722 2845 895 2926; x_wconf 91' lang='lat' dir='ltr'>Panyassis</span> <span class='ocrx_word' id='word_1_167' title='bbox 917 2849 1017 2926; x_wconf 83' lang='lat' dir='ltr'>poeta</span> <span class='ocrx_word' id='word_1_168' title='bbox 1038 2844 1143 2922; x_wconf 86' lang='lat' dir='ltr'>fuerit,</span> <span class='ocrx_word' id='word_1_169' title='bbox 1167 2843 1308 2908; x_wconf 87' lang='lat' dir='ltr'>dubitari</span> <span class='ocrx_word' id='word_1_170' title='bbox 1329 2862 1397 2907; x_wconf 93' lang='lat' dir='ltr'>non</span> <span class='ocrx_word' id='word_1_171' title='bbox 1418 2846 1535 2925; x_wconf 89' lang='lat' dir='ltr'>potest,</span> 
     </span>
     <span class='ocr_line' id='line_1_22' title="bbox 249 2945 1538 3031; baseline 0.001 -23"><span class='ocrx_word' id='word_1_172' title='bbox 249 2945 309 3008; x_wconf 91' lang='lat' dir='ltr'>etsi</span> <span class='ocrx_word' id='word_1_173' title='bbox 330 2945 425 3009; x_wconf 87' lang='lat' dir='ltr'>Duris</span> <span class='ocrx_word' id='word_1_174' title='bbox 455 2965 530 3010; x_wconf 90' lang='lat' dir='ltr'>eum</span> <span class='ocrx_word' id='word_1_175' title='bbox 560 2946 708 3011; x_wconf 90' lang='lat' dir='ltr'>Samium</span> <span class='ocrx_word' id='word_1_176' title='bbox 735 2945 960 3031; x_wconf 79' lang='lat' dir='ltr'>nominavit.⁶)</span> <span class='ocrx_word' id='word_1_177' title='bbox 1009 2947 1276 3013; x_wconf 86' lang='lat' dir='ltr'>Halicarnasseus</span> <span class='ocrx_word' id='word_1_178' title='bbox 1306 2945 1393 3010; x_wconf 90' lang='lat' dir='ltr'>enim</span> <span class='ocrx_word' id='word_1_179' title='bbox 1422 2964 1489 3010; x_wconf 92' lang='lat' dir='ltr'>non</span> <span class='ocrx_word' id='word_1_180' title='bbox 1518 2965 1538 3009; x_wconf 89' lang='lat' dir='ltr'>a</span> 
     </span>
     <span class='ocr_line' id='line_1_23' title="bbox 249 3046 1537 3132; baseline 0.001 -21"><span class='ocrx_word' id='word_1_181' title='bbox 249 3046 384 3131; x_wconf 67' lang='lat' dir='ltr'>Suidail</span> <span class='ocrx_word' id='word_1_182' title='bbox 402 3048 472 3113; x_wconf 92' lang='lat' dir='ltr'>solo</span> <span class='ocrx_word' id='word_1_183' title='bbox 491 3049 686 3127; x_wconf 89' lang='lat' dir='ltr'>nominatur,</span> <span class='ocrx_word' id='word_1_184' title='bbox 710 3052 768 3115; x_wconf 89' lang='lat' dir='ltr'>sed</span> <span class='ocrx_word' id='word_1_185' title='bbox 787 3051 887 3114; x_wconf 87' lang='lat' dir='ltr'>etiarn</span> <span class='ocrx_word' id='word_1_186' title='bbox 905 3071 925 3114; x_wconf 94' lang='lat' dir='ltr'>a</span> <span class='ocrx_word' id='word_1_187' title='bbox 944 3051 1111 3115; x_wconf 85' lang='lat' dir='ltr'>Clemente</span> <span class='ocrx_word' id='word_1_188' title='bbox 1128 3047 1390 3132; x_wconf 80' lang='lat' dir='ltr'>Alexandrino.⁷)</span> <span class='ocrx_word' id='word_1_189' title='bbox 1424 3049 1537 3130; x_wconf 89' lang='lat' dir='ltr'>Neque</span> 
     </span>
     <span class='ocr_line' id='line_1_24' title="bbox 247 3149 1539 3235; baseline 0.002 -23"><span class='ocrx_word' id='word_1_190' title='bbox 247 3149 348 3213; x_wconf 89' lang='lat' dir='ltr'>ullam</span> <span class='ocrx_word' id='word_1_191' title='bbox 377 3151 419 3215; x_wconf 90' lang='lat' dir='ltr'>de</span> <span class='ocrx_word' id='word_1_192' title='bbox 444 3151 552 3232; x_wconf 90' lang='lat' dir='ltr'>patria</span> <span class='ocrx_word' id='word_1_193' title='bbox 574 3152 811 3217; x_wconf 89' lang='lat' dir='ltr'>dissensionem</span> <span class='ocrx_word' id='word_1_194' title='bbox 833 3173 904 3219; x_wconf 88' lang='lat' dir='ltr'>esse</span> <span class='ocrx_word' id='word_1_195' title='bbox 926 3173 1024 3235; x_wconf 88' lang='lat' dir='ltr'>posse</span> <span class='ocrx_word' id='word_1_196' title='bbox 1047 3173 1087 3218; x_wconf 87' lang='lat' dir='ltr'>ex</span> <span class='ocrx_word' id='word_1_197' title='bbox 1110 3171 1148 3216; x_wconf 93' lang='lat' dir='ltr'>eo</span> <span class='ocrx_word' id='word_1_198' title='bbox 1171 3154 1317 3234; x_wconf 89' lang='lat' dir='ltr'>apparet,</span> <span class='ocrx_word' id='word_1_199' title='bbox 1341 3152 1430 3233; x_wconf 91' lang='lat' dir='ltr'>quod</span> <span class='ocrx_word' id='word_1_200' title='bbox 1451 3150 1539 3231; x_wconf 89' lang='lat' dir='ltr'>apud</span> 
     </span>
     <span class='ocr_line' id='line_1_25' title="bbox 249 3251 1537 3332; baseline 0.001 -16"><span class='ocrx_word' id='word_1_201' title='bbox 249 3251 394 3329; x_wconf 90' lang='lat' dir='ltr'>Suidam,</span> <span class='ocrx_word' id='word_1_202' title='bbox 417 3273 491 3317; x_wconf 90' lang='lat' dir='ltr'>cum</span> <span class='ocrx_word' id='word_1_203' title='bbox 507 3254 602 3318; x_wconf 91' lang='lat' dir='ltr'>Duris</span> <span class='ocrx_word' id='word_1_204' title='bbox 620 3259 733 3319; x_wconf 88' lang='lat' dir='ltr'>auctor</span> <span class='ocrx_word' id='word_1_205' title='bbox 750 3257 944 3320; x_wconf 87' lang='lat' dir='ltr'>nominatim</span> <span class='ocrx_word' id='word_1_206' title='bbox 963 3259 1245 3332; x_wconf 78' lang='lat' dir='ltr'>commemoretur,</span> <span class='ocrx_word' id='word_1_207' title='bbox 1266 3259 1397 3319; x_wconf 90' lang='lat' dir='ltr'>auctore</span> <span class='ocrx_word' id='word_1_208' title='bbox 1416 3254 1537 3317; x_wconf 90' lang='lat' dir='ltr'>omisso</span> 
     </span>
     <span class='ocr_line' id='line_1_26' title="bbox 247 3355 1537 3439; baseline 0.001 -21"><span class='ocrx_word' id='word_1_209' title='bbox 247 3355 421 3438; x_wconf 86' lang='lat' dir='ltr'>Panyassis</span> <span class='ocrx_word' id='word_1_210' title='bbox 450 3356 496 3420; x_wconf 94' lang='lat' dir='ltr'>ita</span> <span class='ocrx_word' id='word_1_211' title='bbox 524 3356 791 3423; x_wconf 88' lang='lat' dir='ltr'>Halicarnasseus</span> <span class='ocrx_word' id='word_1_212' title='bbox 823 3359 1004 3424; x_wconf 86' lang='lat' dir='ltr'>declaretur</span> <span class='ocrx_word' id='word_1_213' title='bbox 1033 3362 1070 3423; x_wconf 94' lang='lat' dir='ltr'>ut</span> <span class='ocrx_word' id='word_1_214' title='bbox 1100 3358 1185 3423; x_wconf 87' lang='lat' dir='ltr'>hanc</span> <span class='ocrx_word' id='word_1_215' title='bbox 1218 3358 1406 3439; x_wconf 90' lang='lat' dir='ltr'>opinionem</span> <span class='ocrx_word' id='word_1_216' title='bbox 1440 3357 1537 3421; x_wconf 85' lang='lat' dir='ltr'>fuisse</span> 
     </span>
     <span class='ocr_line' id='line_1_27' title="bbox 249 3449 1537 3542; baseline 0.002 -21"><span class='ocrx_word' id='word_1_217' title='bbox 249 3477 456 3523; x_wconf 91' lang='lat' dir='ltr'>communem</span> <span class='ocrx_word' id='word_1_218' title='bbox 484 3463 651 3542; x_wconf 88' lang='lat' dir='ltr'>appareat.</span> <span class='ocrx_word' id='word_1_219' title='bbox 702 3461 794 3540; x_wconf 87' lang='lat' dir='ltr'>Quae</span> <span class='ocrx_word' id='word_1_220' title='bbox 824 3463 934 3526; x_wconf 92' lang='lat' dir='ltr'>omnia</span> <span class='ocrx_word' id='word_1_221' title='bbox 962 3449 1080 3527; x_wconf 85' lang='lat' dir='ltr'>docent</span> <span class='ocrx_word' id='word_1_222' title='bbox 1106 3461 1236 3525; x_wconf 89' lang='lat' dir='ltr'>Duridis</span> <span class='ocrx_word' id='word_1_223' title='bbox 1258 3460 1445 3525; x_wconf 89' lang='lat' dir='ltr'>testimonio</span> <span class='ocrx_word' id='word_1_224' title='bbox 1467 3479 1537 3523; x_wconf 90' lang='lat' dir='ltr'>rem</span> 
     </span>
     <span class='ocr_line' id='line_1_28' title="bbox 247 3561 1533 3646; baseline 0.002 -22"><span class='ocrx_word' id='word_1_225' title='bbox 247 3579 315 3625; x_wconf 94' lang='lat' dir='ltr'>non</span> <span class='ocrx_word' id='word_1_226' title='bbox 345 3561 503 3627; x_wconf 89' lang='lat' dir='ltr'>incertam</span> <span class='ocrx_word' id='word_1_227' title='bbox 523 3563 603 3642; x_wconf 90' lang='lat' dir='ltr'>fieri,</span> <span class='ocrx_word' id='word_1_228' title='bbox 633 3565 701 3629; x_wconf 83' lang='lat' dir='ltr'>sive</span> <span class='ocrx_word' id='word_1_229' title='bbox 723 3564 843 3630; x_wconf 85' lang='lat' dir='ltr'>falsum</span> <span class='ocrx_word' id='word_1_230' title='bbox 872 3570 921 3629; x_wconf 91' lang='lat' dir='ltr'>est</span> <span class='ocrx_word' id='word_1_231' title='bbox 943 3566 1010 3629; x_wconf 85' lang='lat' dir='ltr'>sive</span> <span class='ocrx_word' id='word_1_232' title='bbox 1033 3565 1178 3646; x_wconf 92' lang='lat' dir='ltr'>opinioni</span> <span class='ocrx_word' id='word_1_233' title='bbox 1208 3564 1371 3629; x_wconf 90' lang='lat' dir='ltr'>communi</span> <span class='ocrx_word' id='word_1_234' title='bbox 1400 3562 1533 3627; x_wconf 89' lang='lat' dir='ltr'>omnino</span> 
     </span>
     <span class='ocr_line' id='line_1_29' title="bbox 249 3665 543 3730; baseline 0.014 -4"><span class='ocrx_word' id='word_1_235' title='bbox 249 3681 316 3726; x_wconf 93' lang='lat' dir='ltr'>non</span> <span class='ocrx_word' id='word_1_236' title='bbox 338 3665 543 3730; x_wconf 86' lang='lat' dir='ltr'>contrarium.</span> 
     </span>
    </p>
   </div>
   <div class='ocr_carea' id='block_1_6' title="bbox 248 3834 1541 4592">
    <p class='ocr_par' dir='ltr' id='par_1_7' title="bbox 336 3834 1001 3907">
     <span class='ocr_line' id='line_1_30' title="bbox 336 3834 1001 3907; baseline 0.005 -19"><span class='ocrx_word' id='word_1_237' title='bbox 336 3834 358 3900; x_wconf 84' lang='grc'>1)</span> <span class='ocrx_word' id='word_1_238' title='bbox 386 3835 490 3891; x_wconf 90' lang='lat' dir='ltr'>Nomen</span> <span class='ocrx_word' id='word_1_239' title='bbox 509 3837 557 3891; x_wconf 90' lang='lat' dir='ltr'>Coi</span> <span class='ocrx_word' id='word_1_240' title='bbox 574 3838 632 3891; x_wconf 86' lang='lat' dir='ltr'>fuit.</span> <span class='ocrx_word' id='word_1_241' title='bbox 659 3839 692 3892; x_wconf 84' lang='lat' dir='ltr'>ci.</span> <span class='ocrx_word' id='word_1_242' title='bbox 710 3839 791 3907; x_wconf 82' lang='lat' dir='ltr'>Papa,</span> <span class='ocrx_word' id='word_1_243' title='bbox 809 3838 1001 3906; x_wconf 79' lang='lat' dir='ltr'>Eigennamen.</span> 
     </span>
    </p>

    <p class='ocr_par' dir='ltr' id='par_1_8' title="bbox 336 3921 1051 3992">
     <span class='ocr_line' id='line_1_31' title="bbox 336 3921 1051 3992; baseline 0.003 -16"><span class='ocrx_word' id='word_1_244' title='bbox 336 3921 358 3989; x_wconf 87' lang='lat'>²)</span> <span class='ocrx_word' id='word_1_245' title='bbox 384 3923 502 3977; x_wconf 86' lang='lat' dir='ltr'>Dittenb.</span> <span class='ocrx_word' id='word_1_246' title='bbox 521 3925 584 3992; x_wconf 85' lang='lat' dir='ltr'>Syll.</span> <span class='ocrx_word' id='word_1_247' title='bbox 602 3923 652 3977; x_wconf 95' lang='lat' dir='ltr'>No.</span> <span class='ocrx_word' id='word_1_248' title='bbox 671 3925 725 3980; x_wconf 84' lang='lat' dir='ltr'>tid.</span> <span class='ocrx_word' id='word_1_249' title='bbox 744 3927 768 3976; x_wconf 83' lang='lat'>6.</span> <span class='ocrx_word' id='word_1_250' title='bbox 795 3923 847 3978; x_wconf 91' lang='lat' dir='ltr'>Nc.</span> <span class='ocrx_word' id='word_1_251' title='bbox 866 3924 950 3981; x_wconf 74' lang='grc'><strong>761.</strong></span> <span class='ocrx_word' id='word_1_252' title='bbox 969 3925 985 3977; x_wconf 89' lang='grc'>9</span> <span class='ocrx_word' id='word_1_253' title='bbox 1003 3928 1051 3978; x_wconf 90' lang='lat' dir='ltr'>ter.</span> 
     </span>
    </p>

    <p class='ocr_par' dir='ltr' id='par_1_9' title="bbox 335 4005 1540 4078">
     <span class='ocr_line' id='line_1_32' title="bbox 335 4005 1540 4078; baseline -0.002 -16"><span class='ocrx_word' id='word_1_254' title='bbox 335 4005 360 4074; x_wconf 81' lang='lat'>³)</span> <span class='ocrx_word' id='word_1_255' title='bbox 385 4008 490 4062; x_wconf 87' lang='lat' dir='ltr'>Nomen</span> <span class='ocrx_word' id='word_1_256' title='bbox 508 4010 582 4063; x_wconf 90' lang='lat' dir='ltr'>urbis</span> <span class='ocrx_word' id='word_1_257' title='bbox 598 4009 730 4064; x_wconf 83' lang='lat' dir='ltr'>Cretensis</span> <span class='ocrx_word' id='word_1_258' title='bbox 747 4009 804 4062; x_wconf 86' lang='lat' dir='ltr'>fuit.</span> <span class='ocrx_word' id='word_1_259' title='bbox 831 4009 863 4062; x_wconf 93' lang='lat' dir='ltr'>ln</span> <span class='ocrx_word' id='word_1_260' title='bbox 879 4008 957 4063; x_wconf 89' lang='lat' dir='ltr'>Creta</span> <span class='ocrx_word' id='word_1_261' title='bbox 975 4010 1115 4078; x_wconf 90' lang='lat' dir='ltr'>quondam</span> <span class='ocrx_word' id='word_1_262' title='bbox 1129 4009 1209 4065; x_wconf 85' lang='lat' dir='ltr'>Cares</span> <span class='ocrx_word' id='word_1_263' title='bbox 1227 4011 1328 4065; x_wconf 89' lang='lat' dir='ltr'>sedisse</span> <span class='ocrx_word' id='word_1_264' title='bbox 1344 4010 1400 4064; x_wconf 91' lang='lat' dir='ltr'>iarn</span> <span class='ocrx_word' id='word_1_265' title='bbox 1414 4009 1540 4063; x_wconf 86' lang='lat' dir='ltr'>diximus.</span> 
     </span>
    </p>

    <p class='ocr_par' dir='ltr' id='par_1_10' title="bbox 334 4091 1499 4161">
     <span class='ocr_line' id='line_1_33' title="bbox 334 4091 1499 4161; baseline 0.001 -14"><span class='ocrx_word' id='word_1_266' title='bbox 334 4091 358 4161; x_wconf 82' lang='lat'>⁴)</span> <span class='ocrx_word' id='word_1_267' title='bbox 385 4094 491 4149; x_wconf 87' lang='lat' dir='ltr'>Nomen</span> <span class='ocrx_word' id='word_1_268' title='bbox 509 4095 583 4149; x_wconf 89' lang='lat' dir='ltr'>urbis</span> <span class='ocrx_word' id='word_1_269' title='bbox 602 4094 710 4149; x_wconf 84' lang='lat' dir='ltr'>Caricae</span> <span class='ocrx_word' id='word_1_270' title='bbox 727 4094 785 4148; x_wconf 87' lang='lat' dir='ltr'>fuit.</span> <span class='ocrx_word' id='word_1_271' title='bbox 821 4094 848 4149; x_wconf 92' lang='lat' dir='ltr'>C.</span> <span class='ocrx_word' id='word_1_272' title='bbox 867 4095 887 4151; x_wconf 94' lang='grc' dir='ltr'>Ι.</span> <span class='ocrx_word' id='word_1_273' title='bbox 906 4095 938 4148; x_wconf 84' lang='grc' dir='ltr'>Δ.</span> <span class='ocrx_word' id='word_1_274' title='bbox 957 4095 969 4148; x_wconf 93' lang='grc' dir='ltr'><strong>Ι</strong></span> <span class='ocrx_word' id='word_1_275' title='bbox 987 4095 1045 4148; x_wconf 71' lang='grc'><strong>135.</strong></span> <span class='ocrx_word' id='word_1_276' title='bbox 1064 4095 1095 4148; x_wconf 85' lang='lat' dir='ltr'>fr.</span> <span class='ocrx_word' id='word_1_277' title='bbox 1114 4097 1156 4150; x_wconf 89' lang='grc'>67.</span> <span class='ocrx_word' id='word_1_278' title='bbox 1496 4101 1499 4113; x_wconf 88' lang='grc'><strong>“</strong></span> 
     </span>
    </p>

    <p class='ocr_par' dir='ltr' id='par_1_11' title="bbox 248 4178 1541 4494">
     <span class='ocr_line' id='line_1_34' title="bbox 335 4178 1539 4250; baseline -0.002 -15"><span class='ocrx_word' id='word_1_279' title='bbox 335 4179 358 4247; x_wconf 87' lang='lat'>⁵)</span> <span class='ocrx_word' id='word_1_280' title='bbox 386 4180 424 4235; x_wconf 87' lang='lat' dir='ltr'>Cf.</span> <span class='ocrx_word' id='word_1_281' title='bbox 440 4182 552 4235; x_wconf 88' lang='lat' dir='ltr'>nomina</span> <span class='ocrx_word' id='word_1_282' title='bbox 565 4178 768 4250; x_wconf 72' lang='grc' dir='ltr'>Ἃλικαρνησσός</span> <span class='ocrx_word' id='word_1_283' title='bbox 785 4179 859 4246; x_wconf 84' lang='lat' dir='ltr'>(Ditt</span> <span class='ocrx_word' id='word_1_284' title='bbox 870 4181 931 4249; x_wconf 89' lang='lat' dir='ltr'>Syll.</span> <span class='ocrx_word' id='word_1_285' title='bbox 941 4180 990 4234; x_wconf 92' lang='lat' dir='ltr'>No.</span> <span class='ocrx_word' id='word_1_286' title='bbox 1001 4181 1078 4248; x_wconf 79' lang='grc'><strong>640)</strong></span> <span class='ocrx_word' id='word_1_287' title='bbox 1098 4187 1124 4235; x_wconf 83' lang='lat' dir='ltr'>et</span> <span class='ocrx_word' id='word_1_288' title='bbox 1138 4178 1347 4250; x_wconf 75' lang='grc' dir='ltr'><strong>Ἃλικαρνασυός,</strong></span> <span class='ocrx_word' id='word_1_289' title='bbox 1366 4197 1438 4249; x_wconf 80' lang='lat' dir='ltr'>quae</span> <span class='ocrx_word' id='word_1_290' title='bbox 1451 4181 1539 4235; x_wconf 77' lang='lat' dir='ltr'>forma</span> 
     </span>
     <span class='ocr_line' id='line_1_35' title="bbox 248 4261 1541 4338; baseline 0.002 -19"><span class='ocrx_word' id='word_1_291' title='bbox 248 4267 329 4335; x_wconf 76' lang='lat' dir='ltr'>longe</span> <span class='ocrx_word' id='word_1_292' title='bbox 343 4267 519 4321; x_wconf 89' lang='lat' dir='ltr'>usitatissima</span> <span class='ocrx_word' id='word_1_293' title='bbox 532 4272 585 4331; x_wconf 87' lang='lat' dir='ltr'>est,</span> <span class='ocrx_word' id='word_1_294' title='bbox 603 4295 637 4306; x_wconf 87' lang='lat'>-</span> <span class='ocrx_word' id='word_1_295' title='bbox 658 4263 783 4337; x_wconf 81' lang='grc' dir='ltr'>Ἀσσησός</span> <span class='ocrx_word' id='word_1_296' title='bbox 797 4266 888 4334; x_wconf 89' lang='lat' dir='ltr'>Steph.</span> <span class='ocrx_word' id='word_1_297' title='bbox 905 4265 967 4335; x_wconf 80' lang='lat' dir='ltr'>Byz.</span> <span class='ocrx_word' id='word_1_298' title='bbox 983 4265 1028 4334; x_wconf 86' lang='lat' dir='ltr'>(ci.</span> <span class='ocrx_word' id='word_1_299' title='bbox 1044 4264 1183 4338; x_wconf 77' lang='grc' dir='ltr'>Ἀσσησσία</span> <span class='ocrx_word' id='word_1_300' title='bbox 1198 4269 1259 4322; x_wconf 92' lang='lat' dir='ltr'>Her.</span> <span class='ocrx_word' id='word_1_301' title='bbox 1275 4268 1296 4324; x_wconf 89' lang='grc' dir='ltr'>Ι.</span> <span class='ocrx_word' id='word_1_302' title='bbox 1313 4265 1355 4333; x_wconf 91' lang='grc'>19)</span> <span class='ocrx_word' id='word_1_303' title='bbox 1370 4272 1397 4320; x_wconf 88' lang='lat' dir='ltr'>et</span> <span class='ocrx_word' id='word_1_304' title='bbox 1405 4261 1541 4336; x_wconf 72' lang='lat' dir='ltr'>Kpocoots</span> 
     </span>
     <span class='ocr_line' id='line_1_36' title="bbox 250 4348 1539 4423; baseline -0.002 -17"><span class='ocrx_word' id='word_1_305' title='bbox 250 4353 287 4407; x_wconf 84' lang='lat' dir='ltr'>St.</span> <span class='ocrx_word' id='word_1_306' title='bbox 305 4353 337 4408; x_wconf 91' lang='lat' dir='ltr'>B.</span> <span class='ocrx_word' id='word_1_307' title='bbox 362 4354 406 4422; x_wconf 81' lang='lat' dir='ltr'>(ci.</span> <span class='ocrx_word' id='word_1_308' title='bbox 424 4348 511 4422; x_wconf 78' lang='grc' dir='ltr'>Κρυῆς</span> <span class='ocrx_word' id='word_1_309' title='bbox 529 4352 561 4405; x_wconf 88' lang='lat' dir='ltr'>D.</span> <span class='ocrx_word' id='word_1_310' title='bbox 580 4352 618 4416; x_wconf 90' lang='lat' dir='ltr'>S.)</span> <span class='ocrx_word' id='word_1_311' title='bbox 640 4381 674 4390; x_wconf 98' lang='lat'>-</span> <span class='ocrx_word' id='word_1_312' title='bbox 694 4348 832 4423; x_wconf 78' lang='grc' dir='ltr'><strong>’Ἄρβησσις</strong></span> <span class='ocrx_word' id='word_1_313' title='bbox 850 4352 913 4407; x_wconf 83' lang='lat' dir='ltr'>Diu.</span> <span class='ocrx_word' id='word_1_314' title='bbox 931 4353 992 4421; x_wconf 80' lang='lat' dir='ltr'>Syll.</span> <span class='ocrx_word' id='word_1_315' title='bbox 1013 4353 1037 4405; x_wconf 89' lang='grc'>6.</span> <span class='ocrx_word' id='word_1_316' title='bbox 1054 4353 1093 4407; x_wconf 69' lang='grc'>11.</span> <span class='ocrx_word' id='word_1_317' title='bbox 1111 4354 1145 4406; x_wconf 67' lang='lat'>4²⁶2</span> <span class='ocrx_word' id='word_1_318' title='bbox 1162 4360 1189 4408; x_wconf 89' lang='lat' dir='ltr'>et</span> <span class='ocrx_word' id='word_1_319' title='bbox 1210 4350 1377 4423; x_wconf 81' lang='grc' dir='ltr'><strong>Κβονδίαοσις</strong></span> <span class='ocrx_word' id='word_1_320' title='bbox 1394 4352 1458 4406; x_wconf 76' lang='lat' dir='ltr'>Ditt</span> <span class='ocrx_word' id='word_1_321' title='bbox 1477 4351 1539 4420; x_wconf 88' lang='lat' dir='ltr'>Syll.</span> 
     </span>
     <span class='ocr_line' id='line_1_37' title="bbox 248 4438 424 4494; baseline -0.006 -1"><span class='ocrx_word' id='word_1_322' title='bbox 248 4438 299 4494; x_wconf 90' lang='lat' dir='ltr'>No.</span> <span class='ocrx_word' id='word_1_323' title='bbox 318 4441 363 4493; x_wconf 80' lang='lat' dir='ltr'>oc.</span> <span class='ocrx_word' id='word_1_324' title='bbox 382 4441 424 4493; x_wconf 84' lang='lat'>59.</span> 
     </span>
    </p>

    <p class='ocr_par' dir='ltr' id='par_1_12' title="bbox 335 4522 603 4592">
     <span class='ocr_line' id='line_1_38' title="bbox 335 4522 603 4592; baseline -0.004 -15"><span class='ocrx_word' id='word_1_325' title='bbox 335 4522 359 4592; x_wconf 78' lang='lat'>⁶)</span> <span class='ocrx_word' id='word_1_326' title='bbox 385 4543 406 4580; x_wconf 84' lang='lat' dir='ltr'>s.</span> <span class='ocrx_word' id='word_1_327' title='bbox 425 4541 451 4577; x_wconf 78' lang='grc' dir='ltr'>ν.</span> <span class='ocrx_word' id='word_1_328' title='bbox 469 4522 603 4583; x_wconf 77' lang='grc' dir='ltr'><strong>Πανύασις.</strong></span> 
     </span>
    </p>
   </div>
   <div class='ocr_carea' id='block_1_7' title="bbox 336 4609 650 4677">
    <p class='ocr_par' dir='ltr' id='par_1_13' title="bbox 336 4609 650 4677">
     <span class='ocr_line' id='line_1_39' title="bbox 336 4609 650 4677; baseline -0.003 -12"><span class='ocrx_word' id='word_1_329' title='bbox 336 4609 358 4677; x_wconf 74' lang='grc'>7)</span> <span class='ocrx_word' id='word_1_330' title='bbox 386 4612 484 4665; x_wconf 87' lang='lat' dir='ltr'>Strom.</span> <span class='ocrx_word' id='word_1_331' title='bbox 503 4611 547 4664; x_wconf 91' lang='lat' dir='ltr'>VI.</span> <span class='ocrx_word' id='word_1_332' title='bbox 566 4610 591 4668; x_wconf 70' lang='grc'>1.</span> <span class='ocrx_word' id='word_1_333' title='bbox 609 4611 650 4664; x_wconf 73' lang='grc'>15.</span> 
     </span>
    </p>
   </div>
   <div class='ocr_carea' id='block_1_8' title="bbox 0 0 1671 5204">
    <p class='ocr_par' dir='ltr' id='par_1_14' title="bbox 0 0 1671 5204">
     <span class='ocr_line' id='line_1_40' title="bbox 0 0 1671 5204; baseline 0 0"><span class='ocrx_word' id='word_1_334' title='bbox 0 0 1671 5204; x_wconf 95' lang='lat' dir='ltr'> </span> 
     </span>
    </p>
   </div>
  </div>
 </body>
</html>
