3330 5214
630 426 841 490 -45-

284 596 361 660 Res
574 598 649 662 llus.
671 617 754 662 vers.
776 598 866 662 Arm.
929 597 1061 661 Hieron.
1137 601 1237 680 temp.
1259 619 1381 663 verum.

136 698 318 764 Hellanicus
345 699 556 780 historiogra-

99 803 144 865 lus
153 805 184 866 et
194 801 398 868 Democritus
409 802 557 867 filosofus

99 909 128 969 et
140 905 320 970 Heraclitus
340 910 556 988 cognomento

98 1009 283 1072 tenebrosus
301 1013 333 1073 et
343 1009 556 1091 Anaxagoras

98 1110 206 1191 lysicus
229 1111 307 1176 clari
328 1112 499 1177 habentur.
949 1112 999 1177 70.
1028 1113 1041 1176 1
1153 1111 1256 1177 multo
1278 1116 1354 1193 post

135 1215 268 1292 Bellum,
292 1215 381 1296 quod
399 1216 433 1279 in
448 1216 556 1280 Mara-

97 1316 191 1380 thone
212 1319 341 1397 gestum
364 1322 422 1382 est.
700 1355 741 1366 -
949 1317 999 1380 77.
1025 1318 1039 1381 1
1208 1317 1257 1382 77.
1282 1318 1301 1382 3

134 1419 557 1503 Panyassispoetahabetur

98 1522 242 1588 inlustris.
718 1574 725 1588 .
949 1523 999 1586 77.
1023 1522 1044 1585 4
1206 1525 1257 1588 75.
1284 1525 1297 1586 1

134 1626 283 1691 Trecenti
297 1627 423 1692 nobiles
434 1629 556 1694 Fabiae

97 1728 555 1797 familiaeaVeientibuscaesi.
948 1729 999 1792 77.
1022 1729 1045 1792 4
1207 1731 1258 1795 75.
1281 1731 1304 1794 4

134 1831 215 1896 Cum
244 1834 278 1897 in
299 1833 416 1914 Algido
444 1839 555 1901 monte

24 1989 25 1996 ,
97 1934 232 1999 Romani
263 1936 382 2000 milites
416 1938 555 2003 obsede-

97 2038 411 2114 rentur‚adictatore
423 2041 555 2120 Quintio

98 2140 282 2206 Cincinnato
314 2142 441 2208 liberati
470 2149 555 2210 sunt.

133 2245 221 2309 Mare
238 2246 446 2312 obtinuerunt
458 2249 556 2330 Aegi-

96 2353 185 2412 netae
231 2349 403 2433 (Aegyptii)
452 2369 556 2416 annos

98 2451 203 2516 decem
232 2471 336 2532 usque
370 2453 413 2517 ad
441 2452 556 2518 Xerxis

97 2555 272 2620 transitum.

23 2663 24 2670 ’
133 2660 298 2742 Aegyptus
348 2660 481 2724 recessit
536 2681 557 2725 a

96 2762 196 2828 Dario,

23 2891 24 2898 ¹
134 2865 212 2930 Gelo
221 2866 361 2930 obtinuit
369 2865 554 2948 Syracusas,

133 2969 292 3032 Pindarus
319 2972 352 3033 et
373 2969 556 3033 Simonides

97 3071 177 3152 lyrici
198 3076 317 3154 poetae
336 3072 478 3153 insignes
495 3072 556 3135 ha·

23 3187 24 3200 ¹
97 3175 168 3239 bent
209 3226 216 3238 .

134 3278 256 3343 Xerxes
296 3297 369 3342 curn
408 3278 556 3342 Athenas

96 3382 245 3459 venisset,
272 3380 414 3445 incendit
440 3382 555 3445 urbem

97 3485 151 3548 sub
173 3484 317 3566 principe
339 3483 449 3548 Callia.

23 3599 24 3614 ¹
134 3588 270 3666 Bellum,
292 3587 380 3668 quod
402 3587 436 3651 in
452 3587 555 3651 Ther-

97 3691 227 3773 ruopylis
260 3694 387 3772 gestum
422 3694 485 3767 est,
524 3693 556 3754 et

23 3847 24 3852 ,
97 3793 178 3873 apud
207 3792 408 3858 Salaminam
440 3793 556 3858 navale

98 3900 264 3960 certamen.
675 3894 770 3957 757
950 3897 999 3961 75.
1028 3897 1040 3959 1
1209 3897 1258 3960 75.
1287 3897 1299 3959 1

134 3998 258 4063 Bellum
291 3998 324 4062 in
349 4000 490 4064 Plataeis
524 4004 556 4063 et

97 4098 126 4162 in
146 4101 276 4184 Mycale.
676 4101 726 4164 75.
750 4101 770 4164 3
920 4103 970 4167 76.
992 4103 1005 4165 1
1027 4102 1073 4187 (4)
1208 4103 1257 4165 75.
1283 4102 1302 4164 l

135 4203 555 4286 HieronSyracusisregnat.
675 4204 725 4267 76.
748 4205 770 4267 4
919 4204 970 4268 75.
997 4205 1019 4268 4
1041 4208 1073 4269 et
1207 4204 1257 4268 75.
1282 4204 1300 4267 3

132 4409 555 4475 Pindanrsclarushabetur.
676 4409 726 4473 77.
752 4411 766 4472 1
949 4308 1044 4473 4444
1159 4411 1209 4475 75.
1235 4410 1250 4473 1
1278 4409 1344 4493 (aa)

177 4513 317 4578 Maxima
338 4513 434 4594 igitur
456 4514 545 4594 apud
560 4511 794 4594 Hieronymum
817 4514 849 4576 et
869 4512 957 4593 apud
972 4513 1162 4577 Armenium
1180 4512 1382 4593 perturbatio

99 4617 151 4677 est.
194 4615 306 4697 Neque
332 4615 427 4680 ullius
456 4620 505 4680 est
536 4615 709 4692 momenti,
740 4615 829 4695 quod
855 4615 1041 4696 Panyassis‚
1072 4635 1146 4679 cum
1175 4616 1217 4679 ab
1245 4619 1383 4695 utroque
