3330 5214
700 400 960 462 -5...

141 563 392 653 Ἁλικαρνασσοῦ.
459 567 510 634 Ἐν
560 572 593 634 δὲ
637 577 768 656 ποιηταῖς
815 566 1064 658 Ἃλικαρνασσοῦ.
1136 572 1186 640 Ἐν
1230 577 1264 640 δὲ
1307 583 1440 661 ποιηταῖς

145 675 281 738 τάττεται
299 673 366 755 μεθ’
377 661 527 757 Ὅμηρον,
546 675 622 737 κατὰ
640 674 673 738 δέ
690 697 767 746 τινας
820 675 952 739 τάττεται
969 677 1035 760 μεθ’
1051 666 1201 762 Ὅμηρον,
1218 680 1294 742 κατὰ
1313 679 1347 744 δέ
1363 703 1440 752 τινας

146 779 199 842 καὶ
234 776 300 861 μεθ’
329 776 468 842 Ἡσίοδον
498 781 547 842 καὶ
572 773 767 864 Ἀντίμαχον.
822 781 895 862 μετὰ
920 773 1062 845 Ἡσίοδον
1089 783 1139 844 καὶ
1168 780 1355 868 Ἀντίμαχον.
1384 773 1440 847 ''E-

137 869 282 966 Ἔγραψε
305 884 336 945 δὲ
358 883 408 944 καί
426 875 631 965 Ἥρακλειοὶδα
653 882 684 945 ἐν
708 883 767 968 ββ-
820 889 916 968 γραψε
934 884 968 947 δὲ
983 886 1033 948 καὶ
1045 877 1251 967 Ἡρακλειάδα
1270 885 1300 949 ἐν
1320 887 1440 974 βιβλίοις

147 982 222 1054 λίοις
244 981 275 1048 ιδ’
303 986 343 1054 εἰς
366 982 423 1067 ἔπη
451 985 486 1067 β.
515 981 629 1048 Ἰωνικὰ
652 986 682 1050 ἐν
704 1008 769 1049 τον·
822 981 853 1048 ιδ’
876 983 984 1069 είςέπρ
1002 988 1036 1070 β.
1063 985 1176 1052 Ἰωνικὰ
1195 989 1438 1074 ἐνπενταμέτριρ,

146 1086 300 1170 ταμέτριρ,
335 1085 395 1151 ἔστι
425 1088 458 1151 δὲ
487 1087 524 1149 τὰ
553 1090 619 1171 περὶ
648 1085 768 1172 Κόδρου
822 1087 882 1152 ἔστι
904 1090 938 1153 δὲ
959 1091 996 1153 τὰ
1017 1094 1083 1175 περὶ
1102 1089 1221 1175 Κόδρου
1244 1094 1295 1155 καὶ
1313 1090 1440 1174 Νηλέως

147 1190 198 1252 καὶ
214 1187 320 1274 Νηλέα
341 1191 388 1253 καὶ
407 1192 458 1261 τὰς
475 1187 605 1261 Ἰωνικὰς
624 1191 768 1270 ἀποικίας,
821 1193 871 1255 καὶ
888 1193 939 1262 τὰς
955 1191 1084 1264 Ἰωνικὰς
1103 1195 1247 1272 ἀποικίας,
1266 1196 1307 1265 εἰς
1325 1193 1382 1278 ἔτη
1405 1199 1438 1279 β.
1463 1235 1465 1242 ι

147 1295 190 1364 εἰς
213 1292 270 1376 ἔτη
297 1292 360 1378 ,[.¹)

192 1396 355 1477 Πανύασις,
373 1391 637 1481 Ἃλικαρνασσεύς,
665 1399 769 1460 νεώτε-

148 1521 211 1582 ρος,
224 1501 398 1586 φιλόσοφος,
413 1502 480 1585 περὶ
488 1501 608 1585 ὀνείρων
621 1500 717 1587 βιβλία
730 1502 746 1584 β
760 1549 767 1562 .

203 1628 205 1634 ’
234 1637 271 1700 In
292 1636 341 1714 iis,
364 1656 448 1718 quae
471 1636 588 1701 Suidas
612 1635 653 1699 de
674 1636 873 1717 Panyasside
895 1639 1030 1712 narrat,
1046 1639 1138 1700 tanta
1160 1657 1268 1701 rerum
1297 1638 1439 1702 varietas

148 1739 282 1816 exsistit,
313 1742 435 1819 quanta
456 1739 490 1802 in
513 1738 633 1807 Suidae
662 1739 735 1803 vitis
763 1740 956 1822 plemmque
986 1741 1121 1805 exilibus
1149 1761 1220 1805 esse
1249 1760 1317 1805 non
1345 1742 1437 1806 solet.
1543 1779 1545 1784 ,

146 1841 196 1906 De
213 1843 281 1906 vita
298 1842 385 1906 enim
402 1844 616 1936 exponuntur,
636 1861 720 1922 quae
734 1843 777 1906 ad
792 1847 918 1925 patrem
932 1846 965 1908 et
983 1848 1149 1925 cognatm,
1168 1844 1211 1907 ad
1226 1844 1376 1925 patriam,
1396 1845 1439 1908 ad

147 1947 300 2022 aetatem,
318 1945 361 2008 ad
376 1948 517 2009 mortem
533 1945 704 2024 pertinent.
734 1945 802 2010 Nec
817 1965 936 2027 parvus
954 1950 1004 2011 est
1018 1967 1173 2011 numerus
1191 1966 1304 2012 earum
1318 1967 1439 2025 rerum,

148 2067 233 2129 quae
263 2047 304 2111 de
331 2047 531 2129 Panyasside
558 2047 715 2127 scriptore
742 2047 898 2112 fenmtur.
950 2048 1126 2113 immodice
1156 2049 1251 2132 igitur
1279 2050 1439 2128 mutilata,

148 2150 209 2214 etsi
235 2148 382 2213 nonnihil
409 2149 566 2212 omissum
593 2153 650 2212 aut
677 2149 890 2231 depravatum
920 2171 992 2216 esse
1020 2154 1203 2233 apparebit,
1232 2153 1439 2236 Panyassidis

146 2253 214 2316 vita
240 2272 261 2316 a
284 2252 385 2317 Suida
406 2251 491 2315 tradi
518 2270 585 2314 non
613 2252 749 2317 videtur.
794 2253 980 2336 Tantopere
1009 2274 1085 2319 vero
1109 2255 1320 2334 deminutam,
1347 2256 1440 2320 utin

147 2375 222 2420 eam
233 2355 393 2436 inquirere
404 2353 640 2419 infructuosum
656 2355 708 2434 sit,
724 2356 923 2437 quaestionis
936 2358 1109 2422 materiam
1126 2359 1289 2440 accepisse
1305 2359 1439 2423 omnino

145 2477 215 2526 non
235 2459 393 2522 videmur.

232 2561 307 2624 Non
335 2560 554 2641 neglegendus
585 2563 634 2624 est
662 2562 835 2644 Panyassis
865 2564 961 2642 alter,
985 2564 1040 2645 qui
1061 2563 1181 2641 minor,
1210 2562 1439 2644 philosophus

145 2665 422 2740 Halicarnasseus
447 2663 488 2728 de
511 2663 645 2727 somniis
667 2665 785 2730 libmm
808 2666 974 2747 scripsisse
996 2667 1106 2730 fertur.
1141 2666 1249 2742 Quare
1271 2665 1438 2746 quomodo

146 2767 295 2849 quaestio
321 2767 516 2848 implicetur,
543 2766 706 2832 nonnullis
728 2769 836 2832 verbis
863 2769 1093 2849 exponendum
1116 2771 1176 2845 est,
1206 2772 1382 2849 antequam
1404 2769 1438 2832 in

146 2892 220 2936 eam
242 2872 409 2934 intramus

234 3059 255 3128 1)
283 3059 358 3126 Quos
375 3059 451 3112 locos
470 3059 633 3127 depravatos
651 3077 709 3114 esse
727 3075 851 3127 quosque
868 3077 916 3128 per
933 3076 962 3114 se
980 3076 1037 3113 non
1055 3061 1217 3128 depravatos
1234 3057 1319 3125 inepti
1337 3057 1438 3126 aliquid

145 3149 245 3202 habere
260 3144 513 3209 demonstrabimus,
532 3161 579 3198 eos
593 3146 646 3199 hoo
660 3145 751 3198 statim
761 3145 827 3198 'loco
842 3161 999 3200 enumerare
1014 3152 1199 3215 opportunum
1214 3143 1326 3198 videtur.
1353 3143 1439 3198 Simul

146 3233 278 3298 addimus,
297 3232 435 3300 quomodo
454 3249 471 3284 a
489 3231 569 3285 nohis
587 3231 722 3286 emendati
740 3231 794 3284 sint
812 3235 860 3284 aut
878 3231 943 3299 quid
960 3232 1043 3300 inepti
1061 3232 1189 3285 habeant.

187 3318 220 3372 A.
246 3319 335 3371 Verba
347 3313 436 3387 Δοῦρις
454 3357 460 3370 .
480 3357 486 3370 .
506 3358 512 3370 .
532 3357 538 3370 .
558 3314 664 3386 Θούριον
679 3333 752 3371 nunc
766 3317 859 3385 inepto
874 3316 935 3369 loco
950 3318 1082 3372 collocata
1094 3317 1234 3386 quondam
1248 3320 1311 3383 post
1324 3315 1437 3369 verbum

243 3400 450 3474 Ἁλικαρνασσεύς
467 3403 559 3456 locum
576 3403 694 3458 tenuisse
711 3404 862 3471 putandum
882 3407 931 3456 est.
967 3405 999 3457 cf.
1018 3421 1044 3472 p.
1064 3403 1104 3456 78.
1185 3433 1187 3437 .

188 3490 218 3544 Β.
245 3491 334 3544 Verba
352 3488 448 3555 ὁμοίως
467 3489 494 3541 δὲ
512 3489 555 3542 καί
568 3485 709 3556 Ἥρύύοτος
723 3485 831 3560 Θούριον
849 3489 1065 3543 mutandasunt.
1092 3488 1256 3555 Corruptum
1270 3488 1437 3541 estverbum

242 3573 392 3647 Ἡρόδοτοι,
411 3575 487 3629 cuius
500 3575 561 3629 loco
575 3575 716 3628 scribimus
730 3572 872 3645 Ἡρόδοτον
891 3575 946 3628 τύν.
972 3573 1014 3627 Ad
1031 3575 1119 3627 Verba
1138 3573 1260 3638 ὁμοίως.
1279 3612 1286 3626 .
1305 3613 1311 3626 .
1330 3569 1437 3644 Θούριον

247 3663 420 3731 explananda
437 3662 577 3729 quondam
594 3661 670 3716 locus
689 3661 795 3716 additus
812 3661 874 3727 fuit,
899 3659 947 3729 qui
970 3675 1042 3713 nunc
1059 3659 1175 3712 omissus
1199 3663 1247 3713 est.
1283 3659 1438 3727 Supplenda

247 3754 311 3802 sunt
323 3749 407 3802 verba
422 3742 451 3805 ὃς
469 3747 496 3798 ἐν
511 3744 593 3816 Σάμιρ
611 3748 657 3814 μὲν
676 3747 786 3819 διίτριψι
804 3748 884 3817 φυγὰς
902 3740 950 3813 aiv,
968 3744 998 3796 ἐκ
1016 3744 1043 3798 u
1056 3742 1258 3817 Ἀλικαρναοσοῦ
1275 3747 1377 3816 γέγονεν
1394 3745 1437 3800 vel

247 3834 369 3888 similia·
386 3834 420 3887 of.
437 3851 463 3902 p.
484 3834 524 3886 18.
545 3834 584 3886 19.

192 3919 219 3974 C.
246 3919 339 3974 Verba
365 3917 522 3978 Πονοάσιοος
549 3919 663 3990 ἀδελφὴν
690 3918 828 3988 ἱστόρησαν
854 3918 893 3971 ita
919 3917 1076 3985 corrigenda
1103 3921 1181 3982 sunt,
1207 3920 1238 3969 ut
1263 3915 1438 3984 Panyassidis

247 4006 357 4060 nomine
375 4010 479 4059 mutato
498 4005 632 4058 scribatur
649 4003 812 4076 Πολυάρχου.
848 4003 881 4056 cf.
900 4020 926 4071 p.
944 4004 987 4057 49.
1005 4005 1045 4056 50.
1416 4046 1418 4050 .

187 4092 218 4145 D.
245 4093 339 4160 Inepte
362 4092 445 4144 verba
467 4085 501 4158 ἧν
520 4091 630 4144 ἐπὶτῶν
649 4089 780 4158 Περσικῶν
804 4105 867 4144 cum
890 4089 923 4142 iis
947 4105 1017 4158 quae
1034 4088 1198 4141 antecedunt
1220 4087 1310 4141 verbis
1327 4087 1371 4139 καὶ
1388 4088 1436 4157 γάρ

247 4179 392 4232 coniuncta
409 4182 480 4241 sunt,
499 4193 570 4245 quae
587 4178 678 4241 verba,
697 4175 823 4244 quamvis
837 4191 965 4244 perversa
982 4174 1042 4241 sint,
1060 4179 1153 4227 tamen
1173 4173 1271 4227 mutari
1290 4178 1337 4227 aut
1355 4173 1437 4228 deleri

246 4280 303 4318 non
322 4264 428 4316 debent.
455 4263 489 4316 cf.
507 4279 534 4330 p.
553 4262 664 4316 βΟ-ύύ.
683 4262 725 4315 30.
744 4262 857 4316 33-35.
876 4261 918 4316 38.
1181 4265 1182 4268 ’

190 4351 219 4404 E.
248 4349 312 4403 Post
329 4349 413 4403 verba
430 4345 590 4419 Λυγδάμιδος
608 4351 653 4400 τοῦ
672 4348 829 4402 exciderunt
846 4349 929 4402 verba
947 4342 984 4398 ἀπ’
1007 4339 1177 4414 Ἀρτεμισίας.
1217 4345 1250 4398 cf.
1269 4361 1295 4412 p.
1314 4345 1356 4397 25.

190 4435 218 4488 F.
244 4433 334 4488 Verba
352 4433 447 4505 ἔγραψα
466 4433 493 4486 u
511 4433 576 4498 κτλ.,
595 4433 694 4501 quihus
712 4435 834 4488 additum
852 4433 963 4486 verbum
978 4431 1021 4482 καί
1039 4447 1113 4484 nunc
1130 4435 1251 4498 ineptum
1269 4447 1298 4484 se
1315 4431 1435 4498 praebet,

246 4537 279 4574 ex
297 4520 425 4588 scriptore
443 4524 552 4587 sumpta
569 4525 639 4583 sunt,
660 4519 705 4586 qui
725 4525 787 4573 ante
801 4536 833 4572 ea
845 4518 943 4571 librum
956 4517 1011 4584 περὶ
1025 4515 1130 4584 ὀνείρων
1143 4515 1302 4584 inscriptum
1318 4532 1435 4569 comme·

246 4606 368 4663 moravit.
402 4605 435 4658 cf.
453 4621 479 4672 p.
497 4606 539 4658 59.
