3330 5214
617 415 829 478 ,47-

86 591 139 654 nisi
160 589 324 654 aetatibus
347 609 382 653 re
404 608 482 652 vera
504 588 643 652 multum
667 587 749 650 inter
771 606 807 650 se
830 585 1025 666 distantibus
1047 588 1173 649 veteres
1191 585 1369 666 Panyassin

86 694 303 769 attribuerunt,
326 692 467 773 intellegi
490 691 624 756 omnino
646 709 714 754 non
735 693 854 771 potest.

160 795 324 860 Invenitur
352 795 442 858 locus
472 794 506 858 in
533 793 650 858 Avieni
671 792 809 868 Arateis
841 811 905 872 quo
936 792 1079 856 carmine
1100 791 1194 856 Arati
1215 792 1367 856 Phaeno-

86 920 173 964 mena
203 899 301 963 rebus
318 895 374 962 'ab
406 898 531 961 Avieno
562 896 683 961 additis
714 894 913 976 amplificata
941 895 1055 958 Latine
1084 894 1273 959 redduntru.
1329 896 1369 960 Et

86 1004 122 1067 ab
142 1003 211 1084 ipso
233 1001 359 1065 Avieno
382 1001 472 1065 locus
495 998 625 1064 additus
648 1002 707 1076 est,
732 1017 831 1080 quem
853 997 1021 1062 tractaturi
1040 1018 1162 1063 sumus,
1197 997 1249 1061 Ab
1266 998 1368 1062 Arato

87 1106 163 1169 enim
184 1103 404 1184 compluribus
426 1103 574 1167 versibus
597 1101 640 1165 ad
662 1100 841 1182 Panyassin
870 1099 1034 1164 declinans
1063 1100 1138 1165 huic
1160 1103 1270 1164 aetate
1293 1101 1370 1165 dicit

86 1208 220 1289 longiore
249 1206 284 1270 id
312 1205 484 1287 contigisse
514 1208 551 1269 ut
580 1224 691 1268 rerum
721 1203 853 1268 exordia
883 1222 1004 1268 arcana
1033 1208 1169 1269 erueret.
1221 1202 1368 1268 Herculis
1415 1189 1416 1196 ἵ

87 1311 163 1374 enim
193 1310 369 1373 draconem
398 1307 618 1374 interficientis
651 1307 736 1370 inter
768 1307 878 1371 stellas
911 1307 1086 1388 imaginem
1114 1306 1203 1388 apud
1230 1308 1369 1371 Aratum

87 1413 207 1476 nomine
219 1431 340 1488 carere,
363 1411 418 1492 qui
436 1410 536 1475 ullum
558 1429 630 1474 esse
645 1409 717 1490 ipse
731 1414 876 1490 negaret.
908 1410 1022 1492 Neque
1039 1411 1081 1474 ab
1101 1410 1218 1475 eodem
1234 1411 1369 1487 narrari,

88 1516 355 1597 quamoboausam
376 1513 532 1578 Hercules
560 1513 738 1577 draconem
765 1512 989 1577 interfecisset.
1036 1514 1109 1592 Qua
1137 1513 1178 1578 de
1205 1534 1240 1578 re
1262 1514 1369 1595 Pany-

88 1621 165 1684 assin
187 1639 258 1684 esse
281 1623 458 1683 auctorem.

164 1724 282 1786 Versus
305 1722 339 1784 hi
362 1725 452 1785 sunt:

205 1846 235 1888 v.
261 1824 443 1888 tta-176.
486 1823 602 1887 Avieni
623 1824 755 1901 Aratea,
779 1823 830 1887 ed.
853 1823 995 1904 Breysig.

272 1943 330 2007 llla
352 1943 516 2008 laboranti
537 1943 651 2007 similis
674 1943 825 2008 succedet
847 1944 956 2024 imago

270 2047 418 2128 protinus
443 2051 618 2128 expertem,
642 2066 742 2128 quam
763 2045 932 2128 quondam
955 2046 1034 2110 dixit
1056 2047 1176 2110 Aratus

272 2149 413 2214 nominis
437 2154 468 2214 et
491 2150 580 2214 cuius
603 2149 698 2215 latuit
719 2169 848 2231 quoque
872 2169 970 2214 causa
992 2149 1123 2226 laboris,

270 2254 412 2318 Panuasi
435 2254 493 2318 sed
515 2257 595 2317 nota
616 2257 738 2330 tamen,
761 2254 812 2318 cui
833 2252 960 2334 longior
982 2256 1074 2318 aetas

271 2357 353 2421 eruit
377 2356 519 2421 excussis
542 2376 661 2420 arcana
684 2357 817 2421 exordia
840 2357 948 2421 rebus,

230 2477 346 2541 Avieni
377 2495 448 2540 esse
477 2476 559 2540 haec
589 2476 630 2540 de
652 2476 851 2559 Panyasside
877 2478 992 2555 verba,
1024 2497 1091 2540 non
1112 2476 1205 2540 Arati
1232 2477 1270 2540 iis
1293 2477 1371 2558 ipsis

90 2585 228 2663 apertum
251 2584 309 2645 est.
352 2580 396 2643 At
418 2580 505 2644 unde
527 2583 686 2644 terrarum
705 2580 848 2644 Avienus
867 2580 1034 2661 comperit,
1054 2579 1209 2660 quamdiu
1227 2579 1370 2665 vixerit¹)

89 2684 273 2766 Panyassis?
303 2682 351 2747 De
370 2684 433 2747 hac
456 2683 542 2747 enim
560 2703 596 2746 re
618 2682 697 2746 nihil
719 2683 882 2747 veteribus
903 2683 1060 2747 traditum
1082 2683 1182 2746 fuisse
1203 2702 1263 2764 pro
1283 2688 1370 2748 certo

90 2787 200 2852 habere
218 2788 301 2851 licet.
339 2786 453 2868 Neque
476 2806 553 2850 vero
576 2786 747 2862 habemus,
772 2805 811 2849 ex
835 2805 900 2867 quo
925 2789 1083 2868 appareat
1104 2786 1187 2849 inter
1206 2805 1371 2866 gramma·

90 2891 161 2954 ticos
188 2894 314 2954 veteres
345 2908 491 2970 unquam
521 2889 620 2952 fuisse
649 2888 703 2970 qui
733 2888 941 2970 Panyassidis
971 2892 1114 2954 aetatem
1141 2889 1273 2970 longam
1301 2909 1372 2954 esse

91 2991 290 3057 declararent.
324 2992 449 3056 Erravit
476 2992 571 3073 igitur
593 2992 663 3056 sine
686 2992 785 3056 dubio
803 2992 945 3057 Avienus
964 2997 1084 3071 noster,
1110 2992 1165 3074 qui
1186 2993 1266 3074 ipse,
1290 3011 1372 3074 quo-

90 3096 178 3160 modo
202 3115 291 3160 error
317 3099 407 3159 ortus
435 3095 486 3170 sit,
508 3094 624 3160 nolens
646 3094 765 3160 indicat
787 3097 912 3160 verbis:
943 3096 1002 3161 Cui
1023 3097 1149 3177 longior
1177 3098 1268 3160 aetas
1291 3097 1373 3160 eruit

92 3199 223 3263 excussis
246 3218 365 3263 arcana
388 3199 522 3263 exordia
544 3200 656 3263 1511115.Ι
686 3198 776 3264 Η555
807 3200 893 3264 enim
922 3201 1037 3276 verba,
1071 3199 1218 3281 quamvis
1248 3199 1281 3263 in
1311 3199 1374 3263 loci

91 3303 275 3367 sententiam
297 3303 500 3379 conveniant,
522 3307 634 3368 tamen
656 3304 689 3367 in
703 3302 883 3386 Panyassin
905 3322 973 3368 non
992 3303 1198 3379 conveniunt,
1220 3305 1256 3366 ut
1273 3302 1373 3366 subli-

91 3404 193 3470 mitate
222 3405 365 3486 quadam
395 3426 433 3469 55
463 3405 630 3470 doctrinae
658 3408 764 3488 specie
791 3406 906 3470 Avieni
928 3405 1145 3487 ignorantiam
1167 3409 1244 3470 sunt
1266 3406 1373 3469 occul-

90 3509 198 3572 tatura.
232 3507 316 3572 Nam
331 3508 511 3590 Panyassin
533 3529 641 3573 rerum
665 3509 797 3573 exordia
820 3527 939 3572 arcana
962 3509 1083 3572 eruisse
1103 3508 1209 3572 dicere
1227 3508 1374 3589 ineptum

91 3613 133 3671 est
159 3630 220 3674 nec
247 3610 309 3674 dici
340 3631 361 3675 a
393 3631 560 3693 quoquam
590 3616 648 3692 pot
673 3612 696 3675 ‘t
724 3612 785 3675 nisi
816 3611 872 3693 qui
900 3611 1107 3692 Panyassidis
1135 3611 1279 3674 carmina
1308 3631 1375 3674 non

92 3709 169 3792 legit.
213 3713 321 3794 Atque
343 3714 430 3778 unde
454 3734 493 3778 ea
514 3715 657 3778 Avienus
680 3714 864 3796 sumpserit,
889 3732 973 3793 quae
996 3713 1037 3777 de
1061 3714 1202 3778 dracone
1225 3714 1267 3777 ab
1290 3714 1374 3778 Her-

92 3813 154 3877 cule
174 3815 341 3880 interfecto
359 3816 538 3898 Panyassin
557 3837 696 3898 sequens
719 3820 839 3893 narrat,
863 3837 903 3880 ex
925 3837 964 3880 eo
984 3817 1191 3899 perspicuum
1210 3821 1268 3894 551,
1286 3818 1375 3898 quod

172 4035 190 4105 ¹)
217 4037 312 4091 Verbis
329 4037 436 4106 longior
453 4043 535 4102 aetas,
554 4044 645 4092 utrum
664 4043 739 4092 aetas
757 4037 931 4106 longinquior
944 4040 987 4092 vel
1001 4040 1131 4093 remotior
1143 4039 1197 4092 hoc
1210 4026 1271 4092 loco
1287 4039 1374 4092 decla·

93 4123 157 4172 retur
173 4138 208 4176 an
225 4122 282 4176 vita
300 4123 458 4190 diuturnior,
478 4124 645 4191 aliquamdiu
664 4124 763 4177 dubius
780 4124 826 4177 fui.
863 4124 917 4177 Sed
933 4124 980 4178 illa
996 4124 1182 4188 interpretatio
1204 4125 1278 4178 haud
1296 4125 1377 4178 dubie

94 4205 216 4262 reicienda
234 4214 281 4262 est.
308 4209 415 4262 Etenim
433 4210 468 4262 ab
486 4209 581 4263 Avieni
600 4215 689 4264 aetate
703 4227 765 4264 curn
779 4226 836 4264 non
849 4210 938 4263 solum
952 4210 1104 4278 Panyassis‚
1122 4211 1169 4264 sed
1183 4210 1264 4264 etiarn
1277 4211 1377 4264 Aratus

93 4287 236 4359 longissime
254 4294 334 4348 distet
352 4312 385 4350 55
403 4295 546 4364 Panyassis
570 4296 605 4349 ab
629 4295 743 4348 heroum
766 4300 854 4349 aetate
876 4295 983 4362 longius
1006 4295 1114 4362 quidem
1137 4295 1216 4349 distet
1240 4312 1324 4364 quarn
1346 4301 1377 4349 ut

93 4383 193 4444 propter
214 4380 310 4434 aetatis
334 4381 563 4449 propinquitatem
581 4381 703 4434 facinore
725 4381 847 4435 Herculis
869 4397 965 4448 pamm
990 4384 1056 4433 nota
1079 4380 1179 4434 eruisse
1204 4380 1255 4434 dici
1281 4382 1375 4448 possit,

95 4459 170 4515 altera
186 4465 330 4519 verborum
347 4466 530 4534 interpretatio
545 4472 622 4521 tanto
637 4471 763 4534 praestat,
782 4471 813 4520 ut
827 4465 968 4519 dubitandi
982 4466 1056 4519 nulla
1073 4466 1107 4519 sit
1123 4482 1204 4520 causa
1220 4466 1376 4534 probabilis.

94 4543 222 4603 Vocabulo
240 4551 336 4605 aetatis
352 4551 423 4604 idem
442 4551 569 4606 declarari
588 4568 668 4620 posse
687 4568 719 4605 ac
737 4551 807 4605 vitae
825 4552 943 4620 spatium
961 4552 1084 4620 exempla
1096 4551 1247 4606 Horatiana
1264 4553 1376 4606 docent:

96 4627 144 4684 Sat.
161 4633 181 4686 1.
198 4635 223 4689 t.
242 4636 291 4689 131
310 4635 404 4705 (longa
423 4637 518 4704 aetas).
554 4639 610 4692 Sat.
628 4636 660 4691 ll.
678 4638 703 4690 t.
721 4638 763 4691 45.
