3330 5214
662 429 872 492 ..35-

206 598 333 662 Scilicet
356 597 498 663 violenta
521 602 570 663 est
587 599 668 663 haec
684 599 918 680 interpretatio.
951 600 1036 664 Nam
1053 602 1230 666 contrarias
1247 603 1288 667 de
1303 559 1411 668 aet—ate

121 701 290 782 opiniones
312 701 359 766 ita
381 701 464 766 inter
486 721 521 765 se
545 720 721 783 opponere,
743 705 779 765 ut
802 703 918 767 aetatis
941 703 1013 766 flori
1034 707 1164 785 ternpus
1179 705 1288 770 natale
1306 725 1410 788 oppo-

18 865 19 880 ,
118 807 215 867 natur
237 804 335 886 idque
357 804 463 870 verbis
485 805 589 886 γέγονε
613 808 645 868 et
665 801 711 889 ἦν,
734 824 819 885 quae
841 805 883 868 de
905 806 1021 870 aetatis
1039 807 1142 887 gradu
1160 807 1241 871 nihil
1257 808 1410 885 indicant,

119 908 300 972 absurdum
320 911 380 972 est.
424 907 492 972 Nec
514 908 646 988 cogitari
668 911 787 988 potest,
819 909 873 990 qui
894 908 1002 972 locum
1025 909 1162 990 scripsit,
1191 930 1265 974 eum
1282 911 1320 986 ,id
1343 911 1410 975 dic-

119 1012 227 1072 turum
250 1009 360 1087 fuisse,
385 1010 473 1092 quod
494 1029 556 1074 nos
578 1010 803 1074 intelleximus.
836 1011 908 1074 Hoc
931 1011 1016 1075 enim
1039 1011 1067 1075 si
1088 1012 1229 1093 intellegi
1247 1012 1410 1090 voluisset,

116 1112 225 1175 verbis
254 1132 333 1176 usus
363 1116 449 1177 esset
480 1112 785 1195 significantioribus
815 1133 914 1195 quam
942 1111 978 1198 ἦν
1008 1118 1048 1178 et'
1070 1115 1173 1197 γέγονε
1204 1119 1288 1180 sunt.
1343 1116 1412 1180 Etsi

118 1217 229 1277 autem
258 1213 341 1278 haec
370 1217 470 1280 verba
497 1216 540 1280 ad
568 1215 709 1281 eundem
731 1217 849 1281 aetatis
871 1216 1008 1298 gradum
1029 1217 1161 1294 rettulit,
1189 1221 1300 1282 tamen
1321 1219 1411 1283 locus

18 1347 19 1356 .
116 1316 328 1381 nihilominus
357 1318 522 1382 'absurdus
557 1321 622 1395 est,
660 1338 732 1384 curn
761 1319 857 1383 trium
889 1319 1109 1400 olympiadum
1139 1319 1311 1386 discrimen
1344 1341 1412 1386 non

18 1455 19 1472 ι
115 1423 245 1483 tantum
269 1419 319 1497 sit,
351 1424 386 1484 ut
408 1421 508 1485 verbo
530 1425 634 1507 πολλῷ
657 1421 863 1504 respondeat.
909 1422 1018 1500 Quare
1040 1423 1210 1504 probabile
1234 1428 1283 1488 est
1304 1424 1411 1488 locum

18 1509 19 1544 ³
116 1522 336 1604 compositum
365 1542 437 1586 esse
466 1523 508 1586 ab
539 1524 648 1605 aliquo
677 1525 842 1590 nesciente
870 1545 969 1606 quarn
997 1525 1215 1607 olympiadem
1241 1528 1342 1590 verba
1364 1529 1411 1591 ἐπὶ

18 1657 19 1660 ¹
114 1631 172 1689 τῶν
196 1627 350 1711 Περσικῶν
372 1625 560 1706 significent.
593 1628 632 1691 cf.
654 1647 687 1709 p.
710 1628 762 1690 60.

202 1729 252 1793 lta
281 1748 355 1792 cum
384 1748 436 1792 res
465 1748 500 1792 se
528 1729 661 1807 habeat,
693 1731 915 1811 quaerendum
945 1735 1003 1807 est,
1034 1750 1142 1794 nonne
1165 1731 1254 1812 apud
1276 1731 1411 1796 Suidam

18 1821 19 1874 λ
116 1831 177 1896 loci
210 1831 286 1895 huic
316 1831 437 1895 similes
467 1832 677 1912 reperiantur.
722 1833 762 1896 Et
793 1833 939 1914 proiecto
967 1833 1197 1914 quaerentibus
1218 1833 1313 1898 nobis
1335 1854 1410 1915 per·

115 1935 209 1998 multi
240 1953 275 1997 se
298 1933 448 2010 offerunt,
479 1954 561 2016 quos
585 1941 742 2017 appareat
764 1936 873 2017 inepte
896 1935 1094 2017 compositos
1117 1955 1156 1999 ac
1176 1937 1259 2000 tales
1282 1957 1353 2001 esse
1375 1941 1411 2002 ut

115 2037 269 2118 scriptor,
301 2056 400 2118 quarn
422 2037 455 2100 in
478 2037 695 2118 olympiadem
718 2058 777 2102 eae
799 2058 851 2102 res
874 2038 1007 2115 cadant,
1038 2058 1122 2120 quae
1144 2041 1179 2101 ut
1201 2039 1345 2103 notiores
1368 2040 1412 2104 ad

18 2205 19 2210 ,
115 2143 260 2204 aetatem
282 2139 526 2220 significandam
556 2141 705 2222 usurpari
735 2141 894 2218 solebant,
925 2141 1055 2205 scivisse
1084 2160 1151 2204 non
1181 2144 1288 2221 queat.
1338 2141 1411 2219 Qua

114 2242 299 2324 ignorantia
332 2261 568 2323 saepenumero
602 2243 722 2309 factum
758 2248 817 2321 est,
850 2248 886 2308 ut
921 2243 974 2307 ille
1008 2247 1176 2307 auctorum
1207 2263 1340 2308 suorum
1370 2245 1411 2309 de

114 2350 226 2411 aetate
248 2345 435 2410 testimonia
457 2346 650 2428 depravaret
671 2351 741 2411 tum
763 2347 919 2424 inserens
952 2366 1036 2428 quae
1058 2345 1221 2410 inlocum
1243 2366 1309 2410 nou
1332 2367 1410 2411 con-

113 2451 273 2527 venirent,
303 2453 373 2513 tum
403 2448 619 2530 coniungendi
646 2469 744 2514 causa
773 2449 907 2527 addens,
939 2471 1023 2531 quae
1052 2450 1164 2531 inepta
1193 2454 1310 2519 essent.
1341 2454 1411 2513 tum

112 2553 184 2634 ipsa
209 2551 395 2617 testimonia
417 2552 642 2633 coniungenda
663 2572 813 2634 perverse
836 2557 975 2617 mutans.

201 2656 275 2719 Hoc
297 2656 428 2737 quidem
450 2656 522 2720 loco
545 2656 623 2720 satis
646 2656 687 2720 sit
710 2656 858 2737 exempla
874 2656 989 2720 afferre
1007 2657 1152 2720 omnium
1175 2655 1315 2720 maxime
1338 2655 1410 2719 ido-

113 2779 191 2836 nea,
217 2764 250 2823 et
273 2759 351 2841 quid
372 2758 461 2823 locus
485 2760 621 2840 quisque
644 2758 777 2822 absurdi
800 2759 935 2835 habeat,
967 2779 1116 2840 quaeque
1144 2759 1239 2824 fuerit
1269 2759 1411 2839 partium

114 2880 204 2927 nunc
229 2861 470 2926 coniunctorum
493 2863 628 2943 pristina
651 2861 767 2937 forma,
789 2860 901 2941 paucis
924 2861 1031 2925 verbis
1055 2862 1290 2926 demonstrare.

206 2967 236 3027 1.
270 2983 295 3027 S.
325 2985 355 3026 v.
378 2964 588 3033 Anaximenis
617 2963 746 3028 Milesii:
780 2965 883 3046 γέγονε
913 2966 943 3028 ἐν
974 2969 1011 3049 τῇ
1042 2971 1084 3028 κε’
1116 2965 1280 3047 ὀλυμπιάδι,
1312 2967 1343 3029 ἐν
1373 2968 1410 3050 τῇ

18 3109 19 3112 =
114 3069 258 3153 Σάρδεων
282 3069 400 3146 ἁλώσει,
424 3058 474 3132 ὅτε
497 3067 595 3152 Κῦρος
619 3069 634 3130 ὁ
658 3066 776 3152 Πέρσης
798 3069 847 3130 τδν
870 3065 999 3148 Κροῖσον
1022 3067 1174 3133 καθεῖλεν.

204 3168 389 3250 Olympiadi
415 3171 466 3234 55.
490 3171 511 3233 l
532 3170 751 3234 Anaximenes
782 3169 871 3250 apud
899 3168 1132 3251 Hieronymum
1161 3170 1319 3251 ascriptus
1351 3174 1409 3234 est.

114 3275 200 3339 Cum
233 3277 342 3337 autem
372 3273 492 3338 Sardes
522 3293 541 3336 a
570 3273 651 3354 Cyro
682 3275 797 3353 captae
826 3273 889 3335 sint
920 3272 961 3335 ol.
986 3272 1037 3349 58,
1068 3292 1134 3337 non
1163 3273 1204 3336 ol.
1228 3273 1280 3350 55,
1311 3274 1412 3337 verba

111 3381 221 3460 γέγονε
244 3379 275 3440 ἐν
297 3377 335 3462 τῇ
357 3381 398 3439 νε’
417 3377 571 3461 ὀλυμπιάδι
594 3374 637 3438 ab
655 3375 693 3437 iis
713 3394 797 3455 quae
816 3379 995 3456 sequuntur
1017 3375 1202 3456 separanda
1218 3378 1303 3438 sunt.
1349 3375 1412 3452 Qui

113 3481 247 3545 diversa
268 3479 349 3543 haec
364 3478 550 3548 testimonia
566 3477 649 3540 inter
665 3497 700 3541 se
720 3477 892 3553 coniunxit,
917 3497 990 3543 eum
1007 3478 1159 3556 nescisse,
1183 3497 1247 3560 quo
1264 3481 1411 3558 ternpore

114 3583 241 3649 Sardes
264 3602 283 3645 a
306 3581 387 3663 Cyro
412 3584 526 3662 captae
550 3580 622 3655 sint,
645 3580 853 3645 manifestum
878 3583 937 3644 est.

202 3686 236 3749 2.
270 3704 294 3748 S.
312 3705 341 3748 v.
359 3683 551 3765 Pyrrhonis:
575 3674 608 3754 i<
630 3671 665 3769 ἦν
689 3686 735 3748 ἐπὶ
757 3685 903 3748 Φιλίππου
926 3681 984 3748 ταδ’
999 3683 1173 3756 Μακεδόνος
1191 3686 1266 3748 κατα
1284 3688 1335 3768 τὴν
1353 3693 1409 3768 pru*

114 3789 285 3875 ὀλυμπιάδα
307 3791 358 3851 καὶ
381 3789 525 3852 ἐπέκεινα.

203 3891 257 3954 Ab
276 3890 322 3955 ol.
350 3890 405 3954 111
419 3959 421 3962 ,
436 3911 572 3973 regnum
600 3890 711 3972 incipit
736 3890 912 3954 Alexandri
933 3890 1051 3971 Magni,
1081 3909 1149 3954 non
1169 3889 1321 3971 Philippi.
1365 3889 1412 3952 Ex

114 4014 181 4077 quo
208 3997 345 4075 apparet
367 3994 553 4059 testimonia
575 4013 692 4075 genere
715 3994 842 4057 diversa
864 3993 948 4056 inter
966 4013 1001 4057 se
1019 3993 1154 4056 confusa
1171 4011 1252 4068 esse,
1276 3993 1309 4054 in
1327 4011 1411 4072 quae

115 4097 178 4162 loci
203 4097 304 4162 verba
326 4097 373 4160 ita
395 4097 618 4161 distribuenda
640 4099 725 4159 sunt.

204 4199 244 4264 A.
282 4200 411 4283 (γέγονε)
435 4202 514 4268 κατά,
532 4203 584 4284 τὴν
607 4203 664 4283 ρια’
689 4200 863 4282 ὀλυμπιάδα.

205 4302 242 4366 Β.
277 4290 313 4386 ἢν
336 4304 383 4366 ἐπὶ
407 4303 555 4368 Φιλίππου
577 4305 629 4366 τοῦ
655 4300 828 4372 Μακεδόνος
851 4303 900 4364 καὶ
923 4301 1067 4364 ἐπέκεινα.

207 4405 280 4482 Quo
304 4405 372 4468 iure
394 4405 502 4468 locum
523 4405 570 4468 ita
592 4403 803 4481 diviserimus,
827 4403 861 4467 hi
884 4403 1004 4468 Suidae
1025 4404 1088 4467 loci
1110 4403 1264 4474 doceant:

249 4506 281 4592 a)
317 4528 342 4573 s,
366 4529 395 4572 v.
414 4507 612 4571 Aristoxeni:
636 4508 739 4591 γέγονε
763 4508 788 4572 δ’
813 4509 939 4572 ἐπὶτῶν
962 4505 1154 4590 Ἀλεξάνδρου
1177 4509 1306 4571 καὶτῶν
1331 4507 1410 4590 μετέ-

315 4635 399 4675 πειτα
420 4613 537 4696 χρόνων
561 4615 602 4682 ὡς
625 4612 699 4675 εἶναι
721 4614 778 4675 ἀπὸ
802 4611 852 4695 τῆς
875 4615 932 4694 ρια’
957 4612 1144 4694 Ιὀλυμπιάδος.

1153 4713 1189 4764 3*
