3330 5214
682 428 894 491 -51,

135 615 229 672 mus,
264 597 353 677 quod
385 617 504 662 nomen
539 598 635 664 fuerit
668 599 796 678 cognati
828 598 1035 680 Panyassidis
1067 598 1165 677 patri,
1206 599 1295 679 quod
1333 599 1433 681 ipsius

135 697 301 763 Herodoti
323 700 417 781 patri,
442 701 532 781 quod
554 701 700 766 eiusdem
722 701 829 777 matri,
853 700 942 781 quod
964 700 1064 765 fratri.
1076 699 1099 783 ¹)

228 803 296 866 Has
330 823 383 866 res
418 822 531 868 omnes
564 804 762 884 excogitatas
796 823 868 866 esse
899 806 936 866 ut
969 803 1009 866 de
1042 802 1200 867 Herodoti
1227 803 1293 867 vita
1319 824 1432 869 narra-

134 904 285 970 tiuncula
304 906 456 986 componi
473 909 594 987 posset,
613 905 693 970 nihil
710 910 759 969 est
776 926 832 970 cur
849 905 1029 982 credamus,
1047 925 1234 986 quanquam
1251 906 1433 972 mirabilem

134 1008 227 1072 hanc
256 1008 444 1089 opinionem
472 1008 535 1072 Ad.
565 1005 705 1093 Bauer2)
734 1007 877 1089 protulit.
922 1008 1026 1072 Immo
1053 1008 1116 1071 hae
1144 1028 1196 1072 res
1225 1029 1284 1073 sua
1311 1010 1432 1090 proha-

134 1111 266 1177 bilitate
296 1131 331 1175 se
361 1111 593 1175 commendant
622 1130 683 1175 nec
711 1109 807 1174 fictae
837 1130 908 1174 esse
937 1112 1084 1190 possunt.
1134 1111 1218 1174 Nam
1245 1111 1432 1176 Herodotus

134 1214 347 1296 Panyassidis
371 1218 527 1294 cognatus
548 1214 622 1282 ideo
646 1214 750 1277 factus
773 1233 860 1289 esse,
889 1233 931 1277 ne
953 1216 990 1278 ut
1012 1214 1148 1294 scriptor
1174 1233 1213 1277 ex
1235 1214 1432 1278 obscuritate

135 1337 285 1382 emersus
308 1317 446 1381 obscuro
469 1317 541 1380 loco
561 1320 658 1380 natus
674 1319 773 1396 atque
790 1315 940 1396 ignobilis
956 1315 1054 1379 fuisse
1072 1313 1275 1400 videretur‚²)
1298 1317 1431 1381 omnino
1467 1393 1469 1398 Ι

133 1439 208 1504 non
230 1423 346 1501 potest.
391 1419 478 1483 Nihil
505 1423 555 1483 est
582 1419 678 1495 enim,
707 1438 746 1482 ex
774 1437 839 1498 quo
861 1418 963 1482 nobili
984 1418 1163 1500 Panyassin
1184 1438 1302 1498 genere
1325 1423 1432 1483 ortum

134 1543 213 1586 esse
247 1526 332 1586 certe
366 1526 533 1603 appareat,
567 1522 595 1586 si
627 1520 797 1585 Herodoto
832 1524 987 1602 cognatus
1020 1540 1087 1584 non
1122 1521 1189 1584 fuit.
1214 1509 1306 1598 'Qui
1338 1522 1438 1603 igitur·

133 1625 312 1706 Panyassis
342 1625 369 1689 is
400 1619 471 1689 esse
498 1624 613 1705 potuit,
645 1642 756 1703 aquo
784 1622 972 1686 Herodotus
998 1622 1124 1703 generis
1150 1625 1354 1688 nobilitatem
1377 1645 1431 1690 ac-

134 1728 282 1808 ciperet?
326 1727 442 1792 Cetera
467 1746 545 1792 vero
575 1727 659 1790 inter
688 1746 724 1790 se
754 1725 956 1790 confirmant.
1010 1725 1156 1790 Obscuro
1188 1727 1275 1790 enim
1304 1726 1376 1791 loco
1404 1729 1431 1792 si

132 1830 327 1895 Herodotus
356 1834 454 1894 natus
484 1833 578 1907 esset,
609 1829 650 1892 de
680 1828 865 1894 nominibus
891 1822 1064 1908 parentum
1092 1847 1130 1891 ac
1157 1828 1275 1906 fratris
1299 1830 1340 1894 de
1363 1831 1431 1895 eius

133 1932 285 2014 cognatis
306 1934 359 1997 vix
381 1933 559 2014 quidquam
581 1935 666 1996 esset
688 1931 853 1995 traditum.
903 1930 942 1992 Et
965 1929 1054 2010 quod
1074 1934 1249 2013 tyrannum
1272 1933 1431 2014 expulisse

133 2035 320 2116 civiumque
336 2035 457 2100 invidia
473 2055 648 2117 oppressus
663 2034 804 2118 patriam
817 2033 984 2114 reliquisse
1001 2033 1125 2110 dicitur,
1143 2053 1217 2112 cum
1233 2036 1301 2099 eius
1313 2037 1430 2100 nobili-

132 2144 208 2205 tate
220 2141 341 2221 optime
358 2139 507 2204 concinit.
531 2136 655 2214 Quodsi
666 2136 825 2200 Herodoti
842 2155 922 2217 gens
938 2136 1107 2201 nobilitate
1125 2139 1431 2216 atqueauctoritate

132 2243 309 2324 praestitit,
327 2262 395 2307 non
410 2242 528 2306 mirum
544 2244 603 2317 est,
620 2240 708 2320 quod
724 2239 766 2303 de
784 2258 823 2302 ea
833 2238 954 2302 tradita
968 2241 1052 2315 sunt,
1072 2257 1156 2318 quae
1168 2239 1209 2302 de
1222 2240 1430 2320 scriptoribus

132 2345 226 2410 tradi
238 2364 305 2409 non
317 2345 443 2410 soleant
454 2363 515 2408 nec
524 2347 636 2407 tamen
647 2342 789 2424 speciem
799 2341 943 2405 habeant
954 2361 1062 2406 rerum
1074 2340 1263 2427 fictarum3)
1286 2344 1429 2420 Accedit,

133 2448 230 2530 quod
244 2448 350 2529 Lyrae
373 2451 405 2511 et
421 2446 587 2510 Theodori
608 2445 752 2521 nomina,
775 2441 859 2525 quae
877 2444 1036 2508 Herodoti
1057 2443 1142 2524 patri
1165 2449 1197 2507 et
1219 2445 1310 2510 fratri
1333 2447 1431 2512 fuisse

133 2552 298 2628 dicuntur,
321 2551 354 2630 in
375 2549 475 2613 titulis
497 2547 753 2613 Halicamasseis
776 2547 879 2628 quinti
901 2545 1021 2610 saeculi
1042 2546 1256 2611 inveniuntur.
1290 2548 1429 2634 Lyxael)

133 2653 226 2718 enim
246 2672 367 2716 nomen
388 2655 478 2716 extra
497 2651 763 2715 Halicarnassum
780 2669 848 2713 non
866 2649 998 2713 obvium
1016 2649 1050 2712 in
1068 2649 1162 2713 titulo
1180 2649 1429 2716 Halicamasseo

132 2755 244 2838 quinti
261 2754 381 2818 saeculi
400 2755 534 2818 extremi
548 2754 600 2817 bis
616 2753 741 2834 legitur,
761 2752 862 2841 semel
878 2751 993 2832 Pigrae
1011 2751 1179 2814 cuiusdam
1196 2751 1262 2815 filio
1283 2750 1430 2831 inditum,

132 2858 240 2924 semel
268 2857 353 2939 patri
378 2857 437 2920 viri
465 2856 626 2937 incogniti,
657 2855 747 2919 cuius
773 2874 895 2918 nomen
918 2855 951 2917 in
974 2857 1054 2926 δαιος
1078 2853 1185 2932 exit.⁵)
1230 2853 1394 2919 Theodori
1402 2853 1430 2939 ⁶)

132 2963 249 3026 autem
271 2979 392 3024 nomen
414 2959 448 3022 in
471 2960 588 3022 eodem
609 2958 703 3022 titulo
725 2958 850 3038 legitur.
957 3037 959 3044 s

224 3062 348 3140 Quodsi
371 3061 411 3126 de
433 3062 592 3126 Herodoti
615 3065 712 3142 gente
719 3059 746 3143 ⁷)
767 3080 850 3141 quae
872 3044 1044 3124 traduntur
1062 3077 1129 3121 non
1148 3060 1327 3140 excogitata
1345 3065 1429 3138 sunt,

129 3166 223 3232 tradi
253 3185 273 3229 a
302 3165 391 3229 nullo
421 3168 597 3246 potuerunt
625 3164 689 3227 nisi
717 3163 760 3227 ab
789 3163 1049 3240 Halicarnasse0‚
1080 3162 1135 3243 qui
1163 3162 1370 3243 Panyassidis
1398 3167 1430 3227 et

226 3335 247 3402 l)
274 3335 373 3390 Suidas
399 3353 420 3389 s.
447 3351 472 3388 v.
497 3319 646 3403 Ἡρόδοτός·
673 3334 717 3386 καὶ
744 3333 854 3400 ἀδελφὸν
876 3332 1001 3404 ,ἐσχηκὼς
1028 3331 1172 3402 Θεόδωρον.
1215 3333 1307 3387 Matris
1329 3349 1431 3388 nomen

130 3423 246 3478 duobus
260 3422 328 3475 locis
342 3421 463 3478 truditur.
496 3421 588 3474 Altero
607 3420 690 3487 (Suid.
709 3437 730 3474 s.
745 3436 771 3473 v.
784 3417 935 3488 Ἡρόδοτος)
954 3419 1072 3472 nominis
1090 3419 1178 3473 forma
1195 3416 1327 3487 estdpoo‘r,
1346 3420 1430 3474 altero

130 3507 223 3576 (Suid.
241 3525 265 3570 a
280 3523 306 3564 v.
324 3505 462 3575 Πανύασις)
475 3503 567 3561 Ῥοιὼ.
603 3506 670 3560 Utra
688 3506 863 3572 praeferenda
881 3505 928 3569 sit,
946 3504 1077 3558 hocloco
1096 3505 1228 3558 incertum
1245 3504 1431 3573 relinquimus.

142 3641 144 3644 .
224 3591 247 3662 ²)
274 3593 411 3648 Herodots
428 3593 517 3660 Biogr.
536 3608 562 3661 p.
583 3592 622 3644 m.
643 3591 683 3644 13.

223 3676 246 3746 ³)
272 3677 420 3732 Ptolemaei
437 3677 540 3732 Chenni
559 3678 593 3739 de
609 3677 739 3731 Herodoti
756 3676 911 3732 testimonia
928 3693 976 3744 per
993 3693 1022 3730 se
1040 3682 1173 3744 suspecta,
1192 3677 1349 3745 praesertim
1368 3694 1430 3731 cum

128 3766 206 3820 inter
220 3780 249 3817 se
262 3768 419 3833 repugnent,
437 3779 527 3830 neque
540 3762 651 3830 aequari
665 3763 764 3818 debent
782 3780 843 3818 cum
861 3762 900 3828 iis,
919 3778 989 3830 quae
1002 3777 1050 3829 per
1063 3778 1092 3816 se
1107 3761 1173 3816 nihil
1187 3762 1304 3830 suspecti
1319 3763 1428 3828 habent,

129 3865 227 3917 neque
244 3850 279 3903 ad
297 3865 330 3903 ea
346 3849 491 3904 refellenda
509 3848 658 3916 quidquam
676 3848 774 3902 valent.
1431 3847 1433 3853 '

223 3932 246 4002 ⁴)
272 3934 364 4002 Lyxae
380 3950 482 3987 nomen
498 3933 629 3990 Herodoti
646 3935 716 4003 patri
734 3934 816 3987 fuisse
838 3938 920 3988 testes
942 3939 1019 3988 sunt:
1048 3931 1073 4000 1)
1096 3933 1207 3986 Lucian.
1230 3933 1264 3985 de
1286 3933 1368 4002 domo
1387 3935 1428 3987 m.

129 4023 161 4088 2)
183 4019 346 4074 Themistios
363 4019 397 4072 ΙΙ.
414 4020 466 4074 27„
484 4019 511 4086 3)
529 4021 619 4087 Steph.
635 4020 697 4086 Byz.
713 4036 735 4072 s.
744 4036 769 4076 v.
786 4017 895 4087 Θούριοι.
923 4019 949 4086 l)
969 4019 1042 4076 Suid.
1058 4035 1080 4072 s.
1095 4035 1120 4072 v.
1131 4015 1281 4089 Ἡρόδοτος.
1307 4017 1335 4086 5)
1355 4021 1427 4074 Suid.

129 4126 154 4162 s.
176 4122 202 4159 v.
222 4102 354 4164 Πανύασις,
390 4091 476 4174 Lyxes
499 4105 581 4173 igitur
602 4120 696 4158 veram
719 4104 838 4158 nominis
855 4106 972 4158 formam
990 4121 1048 4158 esse
1066 4104 1131 4158 satis
1154 4105 1301 4176 multorum
1319 4105 1428 4174 testium

128 4206 272 4248 consensu
281 4195 388 4245 constat
396 4195 426 4244 ut
436 4191 516 4244 unius
524 4191 636 4244 Tretzae
644 4189 813 4243 Herodotum
822 4185 904 4242 Ξὺλου
915 4186 1073 4250 νεΡΟΕύλου
1083 4188 1167 4243 filium
1178 4189 1344 4244 nominantis
1356 4191 1428 4244 testi·

127 4276 260 4333 monium
269 4280 424 4343 suspectum
436 4275 540 4344 neglegi
549 4275 642 4343 possit
660 4275 737 4328 ldem
745 4275 852 4329 Tzetzes
861 4274 1177 4343 Panyassidisuomenin
1186 4273 1292 4335 Πάνυσις
1302 4277 1427 4343 corrupit.

223 4360 247 4429 ⁵)
275 4361 338 4414 Ditt.
357 4361 419 4429 Syll.
438 4361 487 4415 No.
505 4363 530 4414 6.
549 4377 573 4414 a.
601 4361 642 4413 28.
662 4360 687 4414 d.
713 4360 755 4414 36.

139 4498 143 4506 ,
223 4445 245 4514 ⁶)
271 4446 339 4500 lbid.
357 4465 383 4501 a.
400 4448 442 4500 31.
1028 4494 1032 4502 .

223 4533 245 4596 ⁷)
272 4531 425 4586 Herodotus
443 4533 534 4588 nescio
549 4550 586 4587 an
599 4549 632 4586 ex
646 4533 741 4588 eadem
755 4533 838 4600 stirpe
851 4548 936 4602 genus
951 4531 1056 4586 duxerit
1071 4535 1152 4598 atque
1165 4531 1315 4595 Artemisia,
1335 4530 1428 4585 Cariae
1531 4573 1535 4582 .

123 4617 242 4686 regina,
265 4617 342 4672 cuius
358 4618 485 4672 virtutem
503 4635 535 4672 ac
552 4618 723 4686 prudentiam
740 4619 784 4672 ille
801 4635 909 4672 summa
926 4617 1006 4670 laude
1024 4617 1175 4670 celebravit.
1210 4618 1242 4670 In
1259 4616 1337 4670 titulo
1356 4618 1433 4670 enim

1171 4704 1189 4754 4
1195 4703 1210 4735 ss
