<?xml version="1.0" encoding="UTF-8"?>
<!DOCTYPE html PUBLIC "-//W3C//DTD XHTML 1.0 Transitional//EN"
    "http://www.w3.org/TR/xhtml1/DTD/xhtml1-transitional.dtd">
<html xmlns="http://www.w3.org/1999/xhtml" xml:lang="en" lang="en">
 <head>
  <title>
</title>
<meta http-equiv="Content-Type" content="text/html;charset=utf-8" />
  <meta name='ocr-system' content='tesseract 3.04.00' />
  <meta name='ocr-capabilities' content='ocr_page ocr_carea ocr_par ocr_line ocrx_word'/>
</head>
<body>
  <div class='ocr_page' id='page_1' title='image "./depanyasside01kraugoog_0019.png"; bbox 0 0 3330 5214; ppageno 0'>
   <div class='ocr_carea' id='block_1_1' title="bbox 784 375 997 439">
    <p class='ocr_par' dir='ltr' id='par_1_1' title="bbox 784 375 997 439">
     <span class='ocr_line' id='line_1_1' title="bbox 784 375 997 439; baseline -0.005 -17"><span class='ocrx_word' id='word_1_1' title='bbox 784 375 997 439; x_wconf 75' lang='lat'>..15-</span> 
     </span>
    </p>
   </div>
   <div class='ocr_carea' id='block_1_2' title="bbox 245 543 1549 2686">
    <p class='ocr_par' dir='ltr' id='par_1_2' title="bbox 245 543 1543 1657">
     <span class='ocr_line' id='line_1_2' title="bbox 246 543 1540 626; baseline -0.008 -9"><span class='ocrx_word' id='word_1_2' title='bbox 246 572 316 618; x_wconf 92' lang='lat' dir='ltr'>rem</span> <span class='ocrx_word' id='word_1_3' title='bbox 333 552 367 615; x_wconf 92' lang='lat' dir='ltr'>in</span> <span class='ocrx_word' id='word_1_4' title='bbox 387 549 584 616; x_wconf 89' lang='lat' dir='ltr'>contrarium</span> <span class='ocrx_word' id='word_1_5' title='bbox 605 548 740 612; x_wconf 90' lang='lat' dir='ltr'>vertisse</span> <span class='ocrx_word' id='word_1_6' title='bbox 764 547 884 610; x_wconf 89' lang='lat' dir='ltr'>multos</span> <span class='ocrx_word' id='word_1_7' title='bbox 908 566 978 610; x_wconf 89' lang='lat' dir='ltr'>esse</span> <span class='ocrx_word' id='word_1_8' title='bbox 1001 544 1121 622; x_wconf 91' lang='lat' dir='ltr'>dicens,</span> <span class='ocrx_word' id='word_1_9' title='bbox 1144 544 1255 625; x_wconf 91' lang='lat' dir='ltr'>quiin</span> <span class='ocrx_word' id='word_1_10' title='bbox 1276 543 1434 608; x_wconf 82' lang='lat' dir='ltr'>Herodoti</span> <span class='ocrx_word' id='word_1_11' title='bbox 1457 563 1540 626; x_wconf 92' lang='lat' dir='ltr'>pro-</span> 
     </span>
     <span class='ocr_line' id='line_1_3' title="bbox 245 645 1540 736; baseline -0.006 -17"><span class='ocrx_word' id='word_1_12' title='bbox 245 655 354 720; x_wconf 94' lang='lat' dir='ltr'>oemio</span> <span class='ocrx_word' id='word_1_13' title='bbox 376 653 476 717; x_wconf 90' lang='lat' dir='ltr'>verba</span> <span class='ocrx_word' id='word_1_14' title='bbox 494 647 661 736; x_wconf 76' lang='grc' dir='ltr'>Ἡροδότου</span> <span class='ocrx_word' id='word_1_15' title='bbox 679 645 941 734; x_wconf 83' lang='grc' dir='ltr'>Ἃλικαρνασσέυς</span> <span class='ocrx_word' id='word_1_16' title='bbox 964 651 1128 712; x_wconf 82' lang='lat' dir='ltr'>mutarent</span> <span class='ocrx_word' id='word_1_17' title='bbox 1153 647 1187 710; x_wconf 90' lang='lat' dir='ltr'>in</span> <span class='ocrx_word' id='word_1_18' title='bbox 1203 646 1373 732; x_wconf 82' lang='grc' dir='ltr'>Ἡροδότου</span> <span class='ocrx_word' id='word_1_19' title='bbox 1397 648 1540 732; x_wconf 88' lang='grc' dir='ltr'>Θουρίου.</span> 
     </span>
     <span class='ocr_line' id='line_1_4' title="bbox 246 750 1541 832; baseline -0.006 -10"><span class='ocrx_word' id='word_1_20' title='bbox 246 757 344 822; x_wconf 79' lang='lat' dir='ltr'>Cuius</span> <span class='ocrx_word' id='word_1_21' title='bbox 366 754 543 820; x_wconf 88' lang='lat' dir='ltr'>testimonii</span> <span class='ocrx_word' id='word_1_22' title='bbox 564 754 597 817; x_wconf 94' lang='lat' dir='ltr'>id</span> <span class='ocrx_word' id='word_1_23' title='bbox 619 753 707 817; x_wconf 88' lang='lat' dir='ltr'>haud</span> <span class='ocrx_word' id='word_1_24' title='bbox 730 751 827 817; x_wconf 92' lang='lat' dir='ltr'>dubie</span> <span class='ocrx_word' id='word_1_25' title='bbox 850 751 1074 832; x_wconf 89' lang='lat' dir='ltr'>accipiendum</span> <span class='ocrx_word' id='word_1_26' title='bbox 1097 753 1157 827; x_wconf 92' lang='lat' dir='ltr'>est,</span> <span class='ocrx_word' id='word_1_27' title='bbox 1179 751 1268 831; x_wconf 89' lang='lat' dir='ltr'>quod</span> <span class='ocrx_word' id='word_1_28' title='bbox 1287 750 1380 814; x_wconf 92' lang='lat' dir='ltr'>multi</span> <span class='ocrx_word' id='word_1_29' title='bbox 1398 750 1419 814; x_wconf 92' lang='lat' dir='ltr'>ii</span> <span class='ocrx_word' id='word_1_30' title='bbox 1438 750 1541 815; x_wconf 90' lang='lat' dir='ltr'>fuisse</span> 
     </span>
     <span class='ocr_line' id='line_1_5' title="bbox 248 853 1542 938; baseline -0.005 -14"><span class='ocrx_word' id='word_1_31' title='bbox 248 861 406 936; x_wconf 87' lang='lat' dir='ltr'>dicuntur,</span> <span class='ocrx_word' id='word_1_32' title='bbox 441 857 496 938; x_wconf 92' lang='lat' dir='ltr'>qui</span> <span class='ocrx_word' id='word_1_33' title='bbox 527 856 732 920; x_wconf 91' lang='lat' dir='ltr'>Herodotum</span> <span class='ocrx_word' id='word_1_34' title='bbox 763 855 974 936; x_wconf 81' lang='lat' dir='ltr'>appellabant</span> <span class='ocrx_word' id='word_1_35' title='bbox 1002 853 1161 917; x_wconf 90' lang='lat' dir='ltr'>Thurium</span> <span class='ocrx_word' id='word_1_36' title='bbox 1189 853 1223 917; x_wconf 93' lang='lat' dir='ltr'>in</span> <span class='ocrx_word' id='word_1_37' title='bbox 1251 853 1372 917; x_wconf 84' lang='lat' dir='ltr'>tradita</span> <span class='ocrx_word' id='word_1_38' title='bbox 1400 853 1542 918; x_wconf 88' lang='lat' dir='ltr'>lectione</span> 
     </span>
     <span class='ocr_line' id='line_1_6' title="bbox 247 955 1541 1046; baseline -0.005 -19"><span class='ocrx_word' id='word_1_39' title='bbox 247 964 503 1046; x_wconf 66' lang='lat' dir='ltr'>perseverantes</span> <span class='ocrx_word' id='word_1_40' title='bbox 527 978 626 1040; x_wconf 89' lang='lat' dir='ltr'>quam</span> <span class='ocrx_word' id='word_1_41' title='bbox 640 957 700 1021; x_wconf 73' lang='lat' dir='ltr'>ille</span> <span class='ocrx_word' id='word_1_42' title='bbox 723 958 855 1038; x_wconf 92' lang='lat' dir='ltr'>quidem</span> <span class='ocrx_word' id='word_1_43' title='bbox 879 959 1009 1021; x_wconf 91' lang='lat' dir='ltr'>secutus</span> <span class='ocrx_word' id='word_1_44' title='bbox 1033 959 1092 1032; x_wconf 90' lang='lat' dir='ltr'>est,</span> <span class='ocrx_word' id='word_1_45' title='bbox 1119 955 1174 1036; x_wconf 93' lang='lat' dir='ltr'>qui</span> <span class='ocrx_word' id='word_1_46' title='bbox 1201 955 1235 1018; x_wconf 91' lang='lat' dir='ltr'>in</span> <span class='ocrx_word' id='word_1_47' title='bbox 1256 956 1440 1020; x_wconf 86' lang='lat' dir='ltr'>Aristotelis</span> <span class='ocrx_word' id='word_1_48' title='bbox 1462 956 1541 1021; x_wconf 92' lang='lat' dir='ltr'>rhe-</span> 
     </span>
     <span class='ocr_line' id='line_1_7' title="bbox 247 1059 1542 1146; baseline -0.005 -16"><span class='ocrx_word' id='word_1_49' title='bbox 247 1063 424 1146; x_wconf 86' lang='lat' dir='ltr'>toricam‚¹)</span> <span class='ocrx_word' id='word_1_50' title='bbox 453 1065 491 1125; x_wconf 91' lang='lat' dir='ltr'>ut</span> <span class='ocrx_word' id='word_1_51' title='bbox 520 1061 690 1138; x_wconf 59' lang='lat' dir='ltr'>orationis</span> <span class='ocrx_word' id='word_1_52' title='bbox 724 1079 808 1140; x_wconf 88' lang='lat' dir='ltr'>quae</span> <span class='ocrx_word' id='word_1_53' title='bbox 838 1061 974 1144; x_wconf 80' lang='grc' dir='ltr'>εἰρομένη</span> <span class='ocrx_word' id='word_1_54' title='bbox 1005 1060 1153 1134; x_wconf 91' lang='lat' dir='ltr'>vocatur,</span> <span class='ocrx_word' id='word_1_55' title='bbox 1182 1059 1366 1138; x_wconf 85' lang='lat' dir='ltr'>exemplum</span> <span class='ocrx_word' id='word_1_56' title='bbox 1393 1059 1542 1137; x_wconf 83' lang='lat' dir='ltr'>adderet,</span> 
     </span>
     <span class='ocr_line' id='line_1_8' title="bbox 248 1159 1543 1248; baseline -0.005 -16"><span class='ocrx_word' id='word_1_57' title='bbox 248 1168 375 1232; x_wconf 92' lang='lat' dir='ltr'>initium</span> <span class='ocrx_word' id='word_1_58' title='bbox 395 1165 470 1229; x_wconf 89' lang='lat' dir='ltr'>libri</span> <span class='ocrx_word' id='word_1_59' title='bbox 490 1163 669 1228; x_wconf 88' lang='lat' dir='ltr'>Herodotei</span> <span class='ocrx_word' id='word_1_60' title='bbox 690 1163 834 1226; x_wconf 90' lang='lat' dir='ltr'>inseruit.</span> <span class='ocrx_word' id='word_1_61' title='bbox 878 1161 1038 1225; x_wconf 84' lang='lat' dir='ltr'>Nimirum</span> <span class='ocrx_word' id='word_1_62' title='bbox 1059 1161 1198 1226; x_wconf 90' lang='lat' dir='ltr'>lectione</span> <span class='ocrx_word' id='word_1_63' title='bbox 1215 1159 1384 1245; x_wconf 82' lang='grc' dir='ltr'>Ἡροδότου</span> <span class='ocrx_word' id='word_1_64' title='bbox 1402 1159 1543 1248; x_wconf 76' lang='grc' dir='ltr'>Ἀλικαρ-</span> 
     </span>
     <span class='ocr_line' id='line_1_9' title="bbox 249 1264 1543 1347; baseline -0.005 -11"><span class='ocrx_word' id='word_1_65' title='bbox 249 1271 381 1340; x_wconf 82' lang='grc' dir='ltr'>νοοοέως</span> <span class='ocrx_word' id='word_1_66' title='bbox 413 1267 487 1331; x_wconf 91' lang='lat' dir='ltr'>libri</span> <span class='ocrx_word' id='word_1_67' title='bbox 519 1265 698 1331; x_wconf 91' lang='lat' dir='ltr'>Herodotei</span> <span class='ocrx_word' id='word_1_68' title='bbox 731 1265 823 1329; x_wconf 90' lang='lat' dir='ltr'>initio</span> <span class='ocrx_word' id='word_1_69' title='bbox 855 1264 1038 1346; x_wconf 87' lang='lat' dir='ltr'>proposita,</span> <span class='ocrx_word' id='word_1_70' title='bbox 1075 1284 1148 1328; x_wconf 93' lang='lat' dir='ltr'>cum</span> <span class='ocrx_word' id='word_1_71' title='bbox 1180 1264 1368 1329; x_wconf 90' lang='lat' dir='ltr'>Herodotus</span> <span class='ocrx_word' id='word_1_72' title='bbox 1401 1265 1470 1347; x_wconf 90' lang='lat' dir='ltr'>ipse</span> <span class='ocrx_word' id='word_1_73' title='bbox 1504 1285 1543 1329; x_wconf 89' lang='lat' dir='ltr'>se</span> 
     </span>
     <span class='ocr_line' id='line_1_10' title="bbox 249 1366 1542 1451; baseline -0.005 -13"><span class='ocrx_word' id='word_1_74' title='bbox 249 1373 533 1438; x_wconf 88' lang='lat' dir='ltr'>Halicarnasseum</span> <span class='ocrx_word' id='word_1_75' title='bbox 554 1369 721 1451; x_wconf 89' lang='lat' dir='ltr'>professus</span> <span class='ocrx_word' id='word_1_76' title='bbox 752 1368 926 1444; x_wconf 91' lang='lat' dir='ltr'>videretur,</span> <span class='ocrx_word' id='word_1_77' title='bbox 948 1366 1018 1430; x_wconf 90' lang='lat' dir='ltr'>fieri</span> <span class='ocrx_word' id='word_1_78' title='bbox 1044 1386 1111 1431; x_wconf 91' lang='lat' dir='ltr'>non</span> <span class='ocrx_word' id='word_1_79' title='bbox 1145 1367 1251 1449; x_wconf 91' lang='lat' dir='ltr'>potuit</span> <span class='ocrx_word' id='word_1_80' title='bbox 1280 1368 1359 1449; x_wconf 91' lang='lat' dir='ltr'>quin</span> <span class='ocrx_word' id='word_1_81' title='bbox 1388 1368 1451 1432; x_wconf 94' lang='lat' dir='ltr'>hoc</span> <span class='ocrx_word' id='word_1_82' title='bbox 1484 1388 1542 1433; x_wconf 90' lang='lat' dir='ltr'>co-</span> 
     </span>
     <span class='ocr_line' id='line_1_11' title="bbox 249 1469 1543 1558; baseline -0.005 -18"><span class='ocrx_word' id='word_1_83' title='bbox 249 1495 410 1558; x_wconf 83' lang='lat' dir='ltr'>gnomen,</span> <span class='ocrx_word' id='word_1_84' title='bbox 441 1472 634 1554; x_wconf 85' lang='lat' dir='ltr'>praesertim</span> <span class='ocrx_word' id='word_1_85' title='bbox 664 1490 737 1535; x_wconf 90' lang='lat' dir='ltr'>cum</span> <span class='ocrx_word' id='word_1_86' title='bbox 759 1470 899 1552; x_wconf 88' lang='lat' dir='ltr'>genuina</span> <span class='ocrx_word' id='word_1_87' title='bbox 920 1469 1058 1534; x_wconf 90' lang='lat' dir='ltr'>lectione</span> <span class='ocrx_word' id='word_1_88' title='bbox 1081 1470 1237 1534; x_wconf 90' lang='lat' dir='ltr'>traditum</span> <span class='ocrx_word' id='word_1_89' title='bbox 1265 1491 1285 1534; x_wconf 87' lang='lat' dir='ltr'>a</span> <span class='ocrx_word' id='word_1_90' title='bbox 1307 1471 1416 1535; x_wconf 88' lang='lat' dir='ltr'>multis</span> <span class='ocrx_word' id='word_1_91' title='bbox 1443 1474 1543 1550; x_wconf 89' lang='lat' dir='ltr'>puta·</span> 
     </span>
     <span class='ocr_line' id='line_1_12' title="bbox 250 1572 920 1657; baseline -0.01 -14"><span class='ocrx_word' id='word_1_92' title='bbox 250 1582 348 1655; x_wconf 91' lang='lat' dir='ltr'>retur,</span> <span class='ocrx_word' id='word_1_93' title='bbox 370 1577 405 1640; x_wconf 91' lang='lat' dir='ltr'>in</span> <span class='ocrx_word' id='word_1_94' title='bbox 427 1576 620 1657; x_wconf 87' lang='lat' dir='ltr'>scriptorum</span> <span class='ocrx_word' id='word_1_95' title='bbox 642 1593 738 1638; x_wconf 91' lang='lat' dir='ltr'>usum</span> <span class='ocrx_word' id='word_1_96' title='bbox 759 1572 920 1637; x_wconf 85' lang='lat' dir='ltr'>transiret.</span> 
     </span>
    </p>

    <p class='ocr_par' dir='ltr' id='par_1_3' title="bbox 251 1674 1549 2686">
     <span class='ocr_line' id='line_1_13' title="bbox 338 1674 1544 1760; baseline -0.002 -17"><span class='ocrx_word' id='word_1_97' title='bbox 338 1681 411 1758; x_wconf 93' lang='lat' dir='ltr'>Quo</span> <span class='ocrx_word' id='word_1_98' title='bbox 440 1682 587 1760; x_wconf 89' lang='lat' dir='ltr'>tempore</span> <span class='ocrx_word' id='word_1_99' title='bbox 616 1696 702 1741; x_wconf 86' lang='lat' dir='ltr'>nova</span> <span class='ocrx_word' id='word_1_100' title='bbox 731 1675 813 1739; x_wconf 88' lang='lat' dir='ltr'>haec</span> <span class='ocrx_word' id='word_1_101' title='bbox 843 1674 938 1739; x_wconf 91' lang='lat' dir='ltr'>lectio</span> <span class='ocrx_word' id='word_1_102' title='bbox 968 1677 1041 1740; x_wconf 90' lang='lat' dir='ltr'>orta</span> <span class='ocrx_word' id='word_1_103' title='bbox 1070 1676 1125 1752; x_wconf 91' lang='lat' dir='ltr'>sit,</span> <span class='ocrx_word' id='word_1_104' title='bbox 1162 1676 1342 1741; x_wconf 83' lang='lat' dir='ltr'>accuratius</span> <span class='ocrx_word' id='word_1_105' title='bbox 1374 1676 1544 1758; x_wconf 85' lang='lat' dir='ltr'>explorare</span> 
     </span>
     <span class='ocr_line' id='line_1_14' title="bbox 251 1778 1545 1862; baseline -0.005 -13"><span class='ocrx_word' id='word_1_106' title='bbox 251 1803 318 1850; x_wconf 92' lang='lat' dir='ltr'>non</span> <span class='ocrx_word' id='word_1_107' title='bbox 348 1783 520 1857; x_wconf 83' lang='lat' dir='ltr'>audemus3</span> <span class='ocrx_word' id='word_1_108' title='bbox 557 1799 745 1862; x_wconf 88' lang='lat' dir='ltr'>quanquam</span> <span class='ocrx_word' id='word_1_109' title='bbox 772 1778 893 1842; x_wconf 90' lang='lat' dir='ltr'>usitata</span> <span class='ocrx_word' id='word_1_110' title='bbox 922 1797 960 1842; x_wconf 89' lang='lat' dir='ltr'>ac</span> <span class='ocrx_word' id='word_1_111' title='bbox 986 1781 1065 1842; x_wconf 90' lang='lat' dir='ltr'>nota</span> <span class='ocrx_word' id='word_1_112' title='bbox 1094 1779 1194 1843; x_wconf 86' lang='lat' dir='ltr'>fuisse</span> <span class='ocrx_word' id='word_1_113' title='bbox 1223 1799 1290 1842; x_wconf 90' lang='lat' dir='ltr'>non</span> <span class='ocrx_word' id='word_1_114' title='bbox 1319 1782 1437 1860; x_wconf 91' lang='lat' dir='ltr'>potest,</span> <span class='ocrx_word' id='word_1_115' title='bbox 1469 1799 1545 1842; x_wconf 90' lang='lat' dir='ltr'>cum</span> 
     </span>
     <span class='ocr_line' id='line_1_15' title="bbox 253 1878 1545 1966; baseline -0.003 -16"><span class='ocrx_word' id='word_1_116' title='bbox 253 1887 294 1950; x_wconf 90' lang='lat' dir='ltr'>de</span> <span class='ocrx_word' id='word_1_117' title='bbox 310 1883 469 1950; x_wconf 88' lang='lat' dir='ltr'>Herodoti</span> <span class='ocrx_word' id='word_1_118' title='bbox 490 1883 690 1964; x_wconf 82' lang='lat' dir='ltr'>malignitate</span> <span class='ocrx_word' id='word_1_119' title='bbox 705 1882 759 1945; x_wconf 91' lang='lat' dir='ltr'>ille</span> <span class='ocrx_word' id='word_1_120' title='bbox 773 1880 901 1945; x_wconf 89' lang='lat' dir='ltr'>libellus</span> <span class='ocrx_word' id='word_1_121' title='bbox 916 1884 993 1962; x_wconf 90' lang='lat' dir='ltr'>post</span> <span class='ocrx_word' id='word_1_122' title='bbox 1009 1879 1143 1944; x_wconf 86' lang='lat' dir='ltr'>Catonis</span> <span class='ocrx_word' id='word_1_123' title='bbox 1158 1901 1273 1946; x_wconf 90' lang='lat' dir='ltr'>necem</span> <span class='ocrx_word' id='word_1_124' title='bbox 1291 1882 1508 1946; x_wconf 90' lang='lat' dir='ltr'>voluntariam</span> <span class='ocrx_word' id='word_1_125' title='bbox 1517 1878 1545 1966; x_wconf 77' lang='grc'>2)</span> 
     </span>
     <span class='ocr_line' id='line_1_16' title="bbox 253 1983 1545 2069; baseline -0.002 -17"><span class='ocrx_word' id='word_1_126' title='bbox 253 1988 390 2069; x_wconf 92' lang='lat' dir='ltr'>scriptus</span> <span class='ocrx_word' id='word_1_127' title='bbox 420 1988 678 2068; x_wconf 84' lang='lat' dir='ltr'>componeretur.</span> <span class='ocrx_word' id='word_1_128' title='bbox 735 1985 842 2062; x_wconf 88' lang='lat' dir='ltr'>Quem</span> <span class='ocrx_word' id='word_1_129' title='bbox 870 1983 1003 2060; x_wconf 88' lang='lat' dir='ltr'>librum,</span> <span class='ocrx_word' id='word_1_130' title='bbox 1033 1983 1061 2047; x_wconf 90' lang='lat' dir='ltr'>si</span> <span class='ocrx_word' id='word_1_131' title='bbox 1088 1984 1280 2048; x_wconf 86' lang='lat' dir='ltr'>Plutarchus</span> <span class='ocrx_word' id='word_1_132' title='bbox 1309 2004 1377 2049; x_wconf 91' lang='lat' dir='ltr'>non</span> <span class='ocrx_word' id='word_1_133' title='bbox 1407 1985 1545 2067; x_wconf 85' lang='lat' dir='ltr'>scripsit,</span> 
     </span>
     <span class='ocr_line' id='line_1_17' title="bbox 252 2086 1546 2171; baseline -0.003 -16"><span class='ocrx_word' id='word_1_134' title='bbox 252 2095 364 2155; x_wconf 89' lang='lat' dir='ltr'>tamen</span> <span class='ocrx_word' id='word_1_135' title='bbox 386 2093 462 2171; x_wconf 93' lang='lat' dir='ltr'>post</span> <span class='ocrx_word' id='word_1_136' title='bbox 476 2089 609 2152; x_wconf 84' lang='lat' dir='ltr'>Catonis</span> <span class='ocrx_word' id='word_1_137' title='bbox 631 2091 772 2153; x_wconf 90' lang='lat' dir='ltr'>mortem</span> <span class='ocrx_word' id='word_1_138' title='bbox 795 2087 928 2151; x_wconf 85' lang='lat' dir='ltr'>demum</span> <span class='ocrx_word' id='word_1_139' title='bbox 950 2087 1039 2151; x_wconf 88' lang='lat' dir='ltr'>illam</span> <span class='ocrx_word' id='word_1_140' title='bbox 1061 2086 1234 2151; x_wconf 89' lang='lat' dir='ltr'>lectionem</span> <span class='ocrx_word' id='word_1_141' title='bbox 1256 2088 1289 2151; x_wconf 93' lang='lat' dir='ltr'>in</span> <span class='ocrx_word' id='word_1_142' title='bbox 1305 2106 1401 2152; x_wconf 90' lang='lat' dir='ltr'>usum</span> <span class='ocrx_word' id='word_1_143' title='bbox 1417 2087 1546 2152; x_wconf 88' lang='lat' dir='ltr'>venisse</span> 
     </span>
     <span class='ocr_line' id='line_1_18' title="bbox 254 2189 1547 2275; baseline -0.004 -17"><span class='ocrx_word' id='word_1_144' title='bbox 254 2196 399 2275; x_wconf 85' lang='lat' dir='ltr'>apparet.</span> <span class='ocrx_word' id='word_1_145' title='bbox 452 2192 510 2256; x_wconf 91' lang='lat' dir='ltr'>Sin</span> <span class='ocrx_word' id='word_1_146' title='bbox 539 2196 650 2256; x_wconf 90' lang='lat' dir='ltr'>autem</span> <span class='ocrx_word' id='word_1_147' title='bbox 670 2190 864 2256; x_wconf 85' lang='lat' dir='ltr'>Plutarchus</span> <span class='ocrx_word' id='word_1_148' title='bbox 892 2209 968 2254; x_wconf 91' lang='lat' dir='ltr'>eum</span> <span class='ocrx_word' id='word_1_149' title='bbox 994 2209 1029 2253; x_wconf 92' lang='lat' dir='ltr'>re</span> <span class='ocrx_word' id='word_1_150' title='bbox 1057 2209 1134 2252; x_wconf 88' lang='lat' dir='ltr'>vera</span> <span class='ocrx_word' id='word_1_151' title='bbox 1162 2189 1299 2271; x_wconf 86' lang='lat' dir='ltr'>scripsit,</span> <span class='ocrx_word' id='word_1_152' title='bbox 1329 2189 1414 2254; x_wconf 89' lang='lat' dir='ltr'>hanc</span> <span class='ocrx_word' id='word_1_153' title='bbox 1443 2190 1547 2271; x_wconf 90' lang='lat' dir='ltr'>ipsius</span> 
     </span>
     <span class='ocr_line' id='line_1_19' title="bbox 254 2292 1548 2377; baseline -0.003 -17"><span class='ocrx_word' id='word_1_154' title='bbox 254 2295 418 2361; x_wconf 89' lang='lat' dir='ltr'>Plutarchi</span> <span class='ocrx_word' id='word_1_155' title='bbox 443 2298 592 2377; x_wconf 91' lang='lat' dir='ltr'>tempore</span> <span class='ocrx_word' id='word_1_156' title='bbox 619 2295 652 2358; x_wconf 92' lang='lat' dir='ltr'>in</span> <span class='ocrx_word' id='word_1_157' title='bbox 677 2313 773 2357; x_wconf 90' lang='lat' dir='ltr'>usum</span> <span class='ocrx_word' id='word_1_158' title='bbox 801 2293 929 2356; x_wconf 89' lang='lat' dir='ltr'>venisse</span> <span class='ocrx_word' id='word_1_159' title='bbox 956 2311 1090 2356; x_wconf 89' lang='lat' dir='ltr'>necesse</span> <span class='ocrx_word' id='word_1_160' title='bbox 1112 2295 1171 2356; x_wconf 90' lang='lat' dir='ltr'>est.</span> <span class='ocrx_word' id='word_1_161' title='bbox 1215 2292 1382 2356; x_wconf 90' lang='lat' dir='ltr'>Potiorem</span> <span class='ocrx_word' id='word_1_162' title='bbox 1403 2292 1491 2356; x_wconf 90' lang='lat' dir='ltr'>enim</span> <span class='ocrx_word' id='word_1_163' title='bbox 1514 2297 1548 2357; x_wconf 91' lang='lat' dir='ltr'>et</span> 
     </span>
     <span class='ocr_line' id='line_1_20' title="bbox 255 2395 1549 2480; baseline -0.005 -16"><span class='ocrx_word' id='word_1_164' title='bbox 255 2399 471 2480; x_wconf 88' lang='lat' dir='ltr'>antiquiorem</span> <span class='ocrx_word' id='word_1_165' title='bbox 499 2397 588 2479; x_wconf 91' lang='lat' dir='ltr'>quod</span> <span class='ocrx_word' id='word_1_166' title='bbox 614 2395 807 2460; x_wconf 85' lang='lat' dir='ltr'>Plutarchus</span> <span class='ocrx_word' id='word_1_167' title='bbox 834 2415 908 2459; x_wconf 91' lang='lat' dir='ltr'>eam</span> <span class='ocrx_word' id='word_1_168' title='bbox 935 2395 1024 2471; x_wconf 88' lang='lat' dir='ltr'>dixit,</span> <span class='ocrx_word' id='word_1_169' title='bbox 1053 2395 1172 2459; x_wconf 90' lang='lat' dir='ltr'>nullius</span> <span class='ocrx_word' id='word_1_170' title='bbox 1199 2396 1357 2459; x_wconf 87' lang='lat' dir='ltr'>momenti</span> <span class='ocrx_word' id='word_1_171' title='bbox 1384 2399 1443 2472; x_wconf 91' lang='lat' dir='ltr'>est,</span> <span class='ocrx_word' id='word_1_172' title='bbox 1472 2415 1549 2460; x_wconf 90' lang='lat' dir='ltr'>cum</span> 
     </span>
     <span class='ocr_line' id='line_1_21' title="bbox 254 2497 1549 2582; baseline -0.004 -15"><span class='ocrx_word' id='word_1_173' title='bbox 254 2523 341 2567; x_wconf 87' lang='lat' dir='ltr'>nova</span> <span class='ocrx_word' id='word_1_174' title='bbox 371 2501 453 2566; x_wconf 90' lang='lat' dir='ltr'>haec</span> <span class='ocrx_word' id='word_1_175' title='bbox 479 2501 575 2566; x_wconf 94' lang='lat' dir='ltr'>lectio</span> <span class='ocrx_word' id='word_1_176' title='bbox 603 2519 665 2563; x_wconf 91' lang='lat' dir='ltr'>usu</span> <span class='ocrx_word' id='word_1_177' title='bbox 693 2498 793 2579; x_wconf 88' lang='lat' dir='ltr'>recipi</span> <span class='ocrx_word' id='word_1_178' title='bbox 824 2498 957 2562; x_wconf 88' lang='lat' dir='ltr'>omnino</span> <span class='ocrx_word' id='word_1_179' title='bbox 987 2517 1055 2562; x_wconf 91' lang='lat' dir='ltr'>non</span> <span class='ocrx_word' id='word_1_180' title='bbox 1085 2499 1234 2582; x_wconf 85' lang='lat' dir='ltr'>potuerit,</span> <span class='ocrx_word' id='word_1_181' title='bbox 1269 2497 1347 2580; x_wconf 89' lang='lat' dir='ltr'>quin</span> <span class='ocrx_word' id='word_1_182' title='bbox 1378 2498 1487 2580; x_wconf 91' lang='lat' dir='ltr'>potior</span> <span class='ocrx_word' id='word_1_183' title='bbox 1515 2503 1549 2562; x_wconf 90' lang='lat' dir='ltr'>et</span> 
     </span>
     <span class='ocr_line' id='line_1_22' title="bbox 256 2601 1549 2686; baseline -0.003 -18"><span class='ocrx_word' id='word_1_184' title='bbox 256 2605 418 2686; x_wconf 88' lang='lat' dir='ltr'>antiquior</span> <span class='ocrx_word' id='word_1_185' title='bbox 447 2603 657 2679; x_wconf 90' lang='lat' dir='ltr'>iudicaretur,</span> <span class='ocrx_word' id='word_1_186' title='bbox 688 2601 770 2665; x_wconf 91' lang='lat' dir='ltr'>sicut</span> <span class='ocrx_word' id='word_1_187' title='bbox 800 2601 899 2664; x_wconf 88' lang='lat' dir='ltr'>hodie</span> <span class='ocrx_word' id='word_1_188' title='bbox 928 2621 1058 2682; x_wconf 91' lang='lat' dir='ltr'>quoque</span> <span class='ocrx_word' id='word_1_189' title='bbox 1087 2601 1243 2665; x_wconf 90' lang='lat' dir='ltr'>lectiones</span> <span class='ocrx_word' id='word_1_190' title='bbox 1274 2601 1432 2682; x_wconf 83' lang='lat' dir='ltr'>genuinae</span> <span class='ocrx_word' id='word_1_191' title='bbox 1463 2601 1549 2666; x_wconf 89' lang='lat' dir='ltr'>falso</span> 
     </span>
    </p>
   </div>
   <div class='ocr_carea' id='block_1_3' title="bbox 255 2769 1558 4638">
    <p class='ocr_par' dir='ltr' id='par_1_4' title="bbox 255 2769 1555 4024">
     <span class='ocr_line' id='line_1_23' title="bbox 344 2769 1546 2844; baseline -0.002 -16"><span class='ocrx_word' id='word_1_192' title='bbox 344 2773 365 2842; x_wconf 87' lang='lat'>¹)</span> <span class='ocrx_word' id='word_1_193' title='bbox 392 2773 472 2827; x_wconf 83' lang='lat' dir='ltr'>Arist</span> <span class='ocrx_word' id='word_1_194' title='bbox 494 2775 563 2828; x_wconf 89' lang='lat' dir='ltr'>rhet.</span> <span class='ocrx_word' id='word_1_195' title='bbox 581 2774 606 2826; x_wconf 90' lang='lat'>3.</span> <span class='ocrx_word' id='word_1_196' title='bbox 633 2771 693 2842; x_wconf 68' lang='lat'>§9-</span> <span class='ocrx_word' id='word_1_197' title='bbox 717 2772 779 2829; x_wconf 88' lang='lat' dir='ltr'>edit.</span> <span class='ocrx_word' id='word_1_198' title='bbox 797 2771 885 2825; x_wconf 90' lang='lat' dir='ltr'>Berol.</span> <span class='ocrx_word' id='word_1_199' title='bbox 910 2772 963 2830; x_wconf 86' lang='lat' dir='ltr'>vol.</span> <span class='ocrx_word' id='word_1_200' title='bbox 986 2773 1019 2826; x_wconf 92' lang='lat' dir='ltr'>ll.</span> <span class='ocrx_word' id='word_1_201' title='bbox 1044 2789 1069 2840; x_wconf 89' lang='lat' dir='ltr'>p.</span> <span class='ocrx_word' id='word_1_202' title='bbox 1095 2772 1168 2826; x_wconf 79' lang='lat' dir='ltr'>noc.</span> <span class='ocrx_word' id='word_1_203' title='bbox 1205 2769 1349 2840; x_wconf 79' lang='grc' dir='ltr'>Ἡροδότου</span> <span class='ocrx_word' id='word_1_204' title='bbox 1373 2769 1481 2844; x_wconf 81' lang='grc' dir='ltr'>Θουρίου</span> <span class='ocrx_word' id='word_1_205' title='bbox 1504 2769 1546 2843; x_wconf 81' lang='grc' dir='ltr'>ἥδ’</span> 
     </span>
     <span class='ocr_line' id='line_1_24' title="bbox 256 2857 1551 2931; baseline -0.001 -17"><span class='ocrx_word' id='word_1_206' title='bbox 256 2861 366 2931; x_wconf 77' lang='grc' dir='ltr'>ἱστορίης</span> <span class='ocrx_word' id='word_1_207' title='bbox 384 2857 516 2921; x_wconf 74' lang='grc' dir='ltr'>ἀπόδειξις.</span> <span class='ocrx_word' id='word_1_208' title='bbox 543 2859 631 2926; x_wconf 86' lang='lat' dir='ltr'>Quem</span> <span class='ocrx_word' id='word_1_209' title='bbox 647 2858 738 2912; x_wconf 90' lang='lat' dir='ltr'>locum</span> <span class='ocrx_word' id='word_1_210' title='bbox 755 2858 845 2925; x_wconf 86' lang='lat' dir='ltr'>inepte</span> <span class='ocrx_word' id='word_1_211' title='bbox 863 2863 889 2912; x_wconf 90' lang='lat' dir='ltr'>et</span> <span class='ocrx_word' id='word_1_212' title='bbox 906 2857 1006 2925; x_wconf 88' lang='lat' dir='ltr'>pariter</span> <span class='ocrx_word' id='word_1_213' title='bbox 1024 2874 1056 2911; x_wconf 93' lang='lat' dir='ltr'>ac</span> <span class='ocrx_word' id='word_1_214' title='bbox 1074 2859 1160 2913; x_wconf 87' lang='lat' dir='ltr'>multa</span> <span class='ocrx_word' id='word_1_215' title='bbox 1179 2859 1231 2913; x_wconf 86' lang='lat' dir='ltr'>alia</span> <span class='ocrx_word' id='word_1_216' title='bbox 1250 2875 1334 2912; x_wconf 88' lang='lat' dir='ltr'>manu</span> <span class='ocrx_word' id='word_1_217' title='bbox 1354 2858 1502 2927; x_wconf 87' lang='lat' dir='ltr'>posteriore</span> <span class='ocrx_word' id='word_1_218' title='bbox 1520 2859 1551 2913; x_wconf 89' lang='lat' dir='ltr'>in</span> 
     </span>
     <span class='ocr_line' id='line_1_25' title="bbox 255 2943 1550 3014; baseline 0.002 -16"><span class='ocrx_word' id='word_1_219' title='bbox 255 2947 329 3006; x_wconf 91' lang='lat' dir='ltr'>hunc</span> <span class='ocrx_word' id='word_1_220' title='bbox 345 2945 444 2998; x_wconf 91' lang='lat' dir='ltr'>librum</span> <span class='ocrx_word' id='word_1_221' title='bbox 461 2944 592 2999; x_wconf 89' lang='lat' dir='ltr'>insertum</span> <span class='ocrx_word' id='word_1_222' title='bbox 610 2961 668 2998; x_wconf 88' lang='lat' dir='ltr'>esse</span> <span class='ocrx_word' id='word_1_223' title='bbox 684 2944 738 2999; x_wconf 85' lang='lat' dir='ltr'>iam</span> <span class='ocrx_word' id='word_1_224' title='bbox 757 2943 859 3012; x_wconf 85' lang='lat' dir='ltr'>pridem</span> <span class='ocrx_word' id='word_1_225' title='bbox 878 2943 929 2996; x_wconf 79' lang='lat' dir='ltr'>Ad.</span> <span class='ocrx_word' id='word_1_226' title='bbox 948 2943 1039 2997; x_wconf 81' lang='lat' dir='ltr'>Senon</span> <span class='ocrx_word' id='word_1_227' title='bbox 1059 2943 1199 3011; x_wconf 85' lang='lat' dir='ltr'>(Herodoti</span> <span class='ocrx_word' id='word_1_228' title='bbox 1216 2945 1312 3010; x_wconf 85' lang='lat' dir='ltr'>versio,</span> <span class='ocrx_word' id='word_1_229' title='bbox 1331 2946 1550 3014; x_wconf 85' lang='lat' dir='ltr'>Stuttgart1855.</span> 
     </span>
     <span class='ocr_line' id='line_1_26' title="bbox 255 3028 1550 3099; baseline 0 -15"><span class='ocrx_word' id='word_1_230' title='bbox 255 3031 340 3099; x_wconf 84' lang='lat' dir='ltr'>praei.</span> <span class='ocrx_word' id='word_1_231' title='bbox 357 3048 383 3098; x_wconf 92' lang='lat' dir='ltr'>p.</span> <span class='ocrx_word' id='word_1_232' title='bbox 402 3029 446 3098; x_wconf 67' lang='lat'>26)</span> <span class='ocrx_word' id='word_1_233' title='bbox 470 3029 630 3094; x_wconf 87' lang='lat' dir='ltr'>declararit,</span> <span class='ocrx_word' id='word_1_234' title='bbox 655 3029 731 3083; x_wconf 90' lang='lat' dir='ltr'>cuius</span> <span class='ocrx_word' id='word_1_235' title='bbox 755 3028 912 3096; x_wconf 88' lang='lat' dir='ltr'>opinionem</span> <span class='ocrx_word' id='word_1_236' title='bbox 934 3029 1107 3096; x_wconf 88' lang='lat' dir='ltr'>probandam</span> <span class='ocrx_word' id='word_1_237' title='bbox 1125 3046 1183 3083; x_wconf 87' lang='lat' dir='ltr'>esse</span> <span class='ocrx_word' id='word_1_238' title='bbox 1201 3046 1307 3084; x_wconf 89' lang='lat' dir='ltr'>censeo.</span> <span class='ocrx_word' id='word_1_239' title='bbox 1343 3030 1446 3086; x_wconf 86' lang='lat' dir='ltr'>Omitto</span> <span class='ocrx_word' id='word_1_240' title='bbox 1464 3031 1550 3086; x_wconf 87' lang='lat' dir='ltr'>Hero-</span> 
     </span>
     <span class='ocr_line' id='line_1_27' title="bbox 257 3114 1553 3186; baseline 0.002 -18"><span class='ocrx_word' id='word_1_241' title='bbox 257 3115 314 3168; x_wconf 83' lang='lat' dir='ltr'>doti</span> <span class='ocrx_word' id='word_1_242' title='bbox 331 3117 415 3169; x_wconf 86' lang='lat' dir='ltr'>rerba</span> <span class='ocrx_word' id='word_1_243' title='bbox 432 3115 514 3168; x_wconf 85' lang='lat' dir='ltr'>allata</span> <span class='ocrx_word' id='word_1_244' title='bbox 532 3115 655 3183; x_wconf 88' lang='lat' dir='ltr'>exemplo</span> <span class='ocrx_word' id='word_1_245' title='bbox 670 3131 728 3168; x_wconf 88' lang='lat' dir='ltr'>esse</span> <span class='ocrx_word' id='word_1_246' title='bbox 742 3114 858 3167; x_wconf 90' lang='lat' dir='ltr'>orationi</span> <span class='ocrx_word' id='word_1_247' title='bbox 871 3131 941 3183; x_wconf 91' lang='lat' dir='ltr'>quae</span> <span class='ocrx_word' id='word_1_248' title='bbox 956 3116 1075 3186; x_wconf 73' lang='grc' dir='ltr'>εἰρομένη</span> <span class='ocrx_word' id='word_1_249' title='bbox 1089 3120 1203 3169; x_wconf 89' lang='lat' dir='ltr'>vocatur</span> <span class='ocrx_word' id='word_1_250' title='bbox 1216 3132 1273 3169; x_wconf 90' lang='lat' dir='ltr'>non</span> <span class='ocrx_word' id='word_1_251' title='bbox 1285 3132 1374 3184; x_wconf 90' lang='lat' dir='ltr'>posse.</span> <span class='ocrx_word' id='word_1_252' title='bbox 1400 3116 1553 3185; x_wconf 83' lang='lat' dir='ltr'>Oportebat</span> 
     </span>
     <span class='ocr_line' id='line_1_28' title="bbox 257 3189 1553 3273; baseline 0.002 -20"><span class='ocrx_word' id='word_1_253' title='bbox 257 3200 329 3254; x_wconf 89' lang='lat' dir='ltr'>enim</span> <span class='ocrx_word' id='word_1_254' title='bbox 343 3201 473 3254; x_wconf 89' lang='lat' dir='ltr'>Herodoti</span> <span class='ocrx_word' id='word_1_255' title='bbox 490 3189 658 3268; x_wconf 89' lang='lat' dir='ltr'>prooemium</span> <span class='ocrx_word' id='word_1_256' title='bbox 679 3199 767 3254; x_wconf 79' lang='lat' dir='ltr'>afferri</span> <span class='ocrx_word' id='word_1_257' title='bbox 785 3216 871 3268; x_wconf 90' lang='lat' dir='ltr'>usque</span> <span class='ocrx_word' id='word_1_258' title='bbox 889 3201 924 3253; x_wconf 91' lang='lat' dir='ltr'>ad</span> <span class='ocrx_word' id='word_1_259' title='bbox 941 3201 1025 3254; x_wconf 87' lang='lat' dir='ltr'>verba</span> <span class='ocrx_word' id='word_1_260' title='bbox 1037 3201 1080 3253; x_wconf 78' lang='grc' dir='ltr'>καί</span> <span class='ocrx_word' id='word_1_261' title='bbox 1095 3197 1124 3252; x_wconf 80' lang='grc' dir='ltr'>δι’</span> <span class='ocrx_word' id='word_1_262' title='bbox 1140 3195 1174 3270; x_wconf 80' lang='grc' dir='ltr'>ἣν</span> <span class='ocrx_word' id='word_1_263' title='bbox 1189 3200 1272 3271; x_wconf 82' lang='grc' dir='ltr'>αἰτίην</span> <span class='ocrx_word' id='word_1_264' title='bbox 1291 3201 1453 3273; x_wconf 78' lang='grc' dir='ltr'>ίποίίμησαν</span> <span class='ocrx_word' id='word_1_265' title='bbox 1472 3202 1553 3272; x_wconf 76' lang='grc' dir='ltr'>ἀλλή-</span> 
     </span>
     <span class='ocr_line' id='line_1_29' title="bbox 257 3285 1551 3356; baseline 0.003 -18"><span class='ocrx_word' id='word_1_266' title='bbox 257 3286 344 3352; x_wconf 85' lang='grc' dir='ltr'>λοισιν,</span> <span class='ocrx_word' id='word_1_267' title='bbox 363 3302 435 3354; x_wconf 91' lang='lat' dir='ltr'>quae</span> <span class='ocrx_word' id='word_1_268' title='bbox 452 3286 535 3340; x_wconf 86' lang='lat' dir='ltr'>verba</span> <span class='ocrx_word' id='word_1_269' title='bbox 553 3285 645 3339; x_wconf 89' lang='lat' dir='ltr'>omnia</span> <span class='ocrx_word' id='word_1_270' title='bbox 662 3286 772 3339; x_wconf 85' lang='lat' dir='ltr'>reddere</span> <span class='ocrx_word' id='word_1_271' title='bbox 789 3285 901 3354; x_wconf 89' lang='lat' dir='ltr'>longum</span> <span class='ocrx_word' id='word_1_272' title='bbox 918 3291 985 3340; x_wconf 90' lang='lat' dir='ltr'>erat.</span> <span class='ocrx_word' id='word_1_273' title='bbox 1011 3287 1064 3340; x_wconf 87' lang='lat' dir='ltr'>Sed</span> <span class='ocrx_word' id='word_1_274' title='bbox 1080 3286 1233 3354; x_wconf 84' lang='lat' dir='ltr'>exemplum</span> <span class='ocrx_word' id='word_1_275' title='bbox 1247 3287 1357 3342; x_wconf 86' lang='lat' dir='ltr'>affertur</span> <span class='ocrx_word' id='word_1_276' title='bbox 1369 3293 1449 3342; x_wconf 86' lang='lat' dir='ltr'>antea</span> <span class='ocrx_word' id='word_1_277' title='bbox 1467 3305 1551 3356; x_wconf 88' lang='lat' dir='ltr'>quam</span> 
     </span>
     <span class='ocr_line' id='line_1_30' title="bbox 258 3369 1552 3443; baseline 0.002 -18"><span class='ocrx_word' id='word_1_278' title='bbox 258 3371 414 3425; x_wconf 87' lang='lat' dir='ltr'>Aristoteles</span> <span class='ocrx_word' id='word_1_279' title='bbox 428 3370 498 3436; x_wconf 90' lang='lat' dir='ltr'>dicit,</span> <span class='ocrx_word' id='word_1_280' title='bbox 513 3370 643 3439; x_wconf 87' lang='lat' dir='ltr'>quidnam</span> <span class='ocrx_word' id='word_1_281' title='bbox 657 3369 801 3438; x_wconf 87' lang='lat' dir='ltr'>appellatio</span> <span class='ocrx_word' id='word_1_282' title='bbox 816 3369 881 3431; x_wconf 76' lang='grc' dir='ltr'>λέξις</span> <span class='ocrx_word' id='word_1_283' title='bbox 895 3371 1012 3443; x_wconf 76' lang='grc' dir='ltr'>εἰρυμίυη</span> <span class='ocrx_word' id='word_1_284' title='bbox 1028 3371 1079 3425; x_wconf 89' lang='lat' dir='ltr'>sihi</span> <span class='ocrx_word' id='word_1_285' title='bbox 1092 3372 1162 3426; x_wconf 92' lang='lat' dir='ltr'>velit.</span> <span class='ocrx_word' id='word_1_286' title='bbox 1189 3373 1301 3441; x_wconf 90' lang='lat' dir='ltr'>Ineptus</span> <span class='ocrx_word' id='word_1_287' title='bbox 1314 3373 1395 3442; x_wconf 88' lang='lat' dir='ltr'>igitur</span> <span class='ocrx_word' id='word_1_288' title='bbox 1405 3373 1552 3428; x_wconf 86' lang='lat' dir='ltr'>verborum</span> 
     </span>
     <span class='ocr_line' id='line_1_31' title="bbox 257 3456 1551 3534; baseline 0.003 -25"><span class='ocrx_word' id='word_1_289' title='bbox 257 3457 334 3510; x_wconf 90' lang='lat' dir='ltr'>locus</span> <span class='ocrx_word' id='word_1_290' title='bbox 351 3461 399 3522; x_wconf 88' lang='lat' dir='ltr'>est,</span> <span class='ocrx_word' id='word_1_291' title='bbox 418 3456 517 3524; x_wconf 90' lang='lat' dir='ltr'>quibus</span> <span class='ocrx_word' id='word_1_292' title='bbox 534 3456 652 3524; x_wconf 87' lang='lat' dir='ltr'>insuper,</span> <span class='ocrx_word' id='word_1_293' title='bbox 671 3472 734 3510; x_wconf 90' lang='lat' dir='ltr'>cum</span> <span class='ocrx_word' id='word_1_294' title='bbox 751 3456 842 3534; x_wconf 88' lang='lat' dir='ltr'>paullo</span> <span class='ocrx_word' id='word_1_295' title='bbox 860 3461 923 3524; x_wconf 90' lang='lat' dir='ltr'>post</span> <span class='ocrx_word' id='word_1_296' title='bbox 941 3457 1048 3511; x_wconf 86' lang='lat' dir='ltr'>occasio</span> <span class='ocrx_word' id='word_1_297' title='bbox 1065 3458 1200 3512; x_wconf 89' lang='lat' dir='ltr'>inserendi</span> <span class='ocrx_word' id='word_1_298' title='bbox 1217 3458 1447 3527; x_wconf 81' lang='lat' dir='ltr'>opportunissima</span> <span class='ocrx_word' id='word_1_299' title='bbox 1464 3459 1551 3524; x_wconf 84' lang='lat' dir='ltr'>fuerit,</span> 
     </span>
     <span class='ocr_line' id='line_1_32' title="bbox 258 3541 1553 3612; baseline 0.002 -16"><span class='ocrx_word' id='word_1_300' title='bbox 258 3542 406 3597; x_wconf 85' lang='lat' dir='ltr'>sententiae</span> <span class='ocrx_word' id='word_1_301' title='bbox 424 3542 565 3610; x_wconf 85' lang='lat' dir='ltr'>explicatio</span> <span class='ocrx_word' id='word_1_302' title='bbox 581 3542 790 3610; x_wconf 88' lang='lat' dir='ltr'>interrumpitur.</span> <span class='ocrx_word' id='word_1_303' title='bbox 825 3541 865 3595; x_wconf 85' lang='lat' dir='ltr'>Ac</span> <span class='ocrx_word' id='word_1_304' title='bbox 881 3558 1023 3610; x_wconf 86' lang='lat' dir='ltr'>perversus</span> <span class='ocrx_word' id='word_1_305' title='bbox 1040 3549 1081 3597; x_wconf 87' lang='lat' dir='ltr'>est</span> <span class='ocrx_word' id='word_1_306' title='bbox 1097 3545 1242 3598; x_wconf 86' lang='lat' dir='ltr'>verborum</span> <span class='ocrx_word' id='word_1_307' title='bbox 1260 3545 1336 3609; x_wconf 90' lang='lat' dir='ltr'>ordo,</span> <span class='ocrx_word' id='word_1_308' title='bbox 1355 3561 1472 3612; x_wconf 90' lang='lat' dir='ltr'>quorum</span> <span class='ocrx_word' id='word_1_309' title='bbox 1489 3561 1553 3612; x_wconf 87' lang='lat' dir='ltr'>pars</span> 
     </span>
     <span class='ocr_line' id='line_1_33' title="bbox 258 3627 1553 3696; baseline 0 -14"><span class='ocrx_word' id='word_1_310' title='bbox 258 3628 391 3696; x_wconf 90' lang='lat' dir='ltr'>posterior</span> <span class='ocrx_word' id='word_1_311' title='bbox 408 3628 552 3682; x_wconf 84' lang='lat' dir='ltr'>manifesto</span> <span class='ocrx_word' id='word_1_312' title='bbox 570 3629 718 3682; x_wconf 86' lang='lat' dir='ltr'>hexametri</span> <span class='ocrx_word' id='word_1_313' title='bbox 736 3627 873 3696; x_wconf 88' lang='lat' dir='ltr'>rythmum</span> <span class='ocrx_word' id='word_1_314' title='bbox 890 3628 993 3681; x_wconf 90' lang='lat' dir='ltr'>reddat.</span> <span class='ocrx_word' id='word_1_315' title='bbox 1027 3628 1103 3695; x_wconf 90' lang='lat' dir='ltr'>Quae</span> <span class='ocrx_word' id='word_1_316' title='bbox 1120 3629 1149 3683; x_wconf 91' lang='lat' dir='ltr'>in</span> <span class='ocrx_word' id='word_1_317' title='bbox 1167 3646 1222 3683; x_wconf 88' lang='lat' dir='ltr'>una</span> <span class='ocrx_word' id='word_1_318' title='bbox 1240 3646 1268 3684; x_wconf 90' lang='lat' dir='ltr'>re</span> <span class='ocrx_word' id='word_1_319' title='bbox 1286 3629 1366 3684; x_wconf 93' lang='lat' dir='ltr'>nimis</span> <span class='ocrx_word' id='word_1_320' title='bbox 1384 3630 1470 3684; x_wconf 85' lang='lat' dir='ltr'>multa</span> <span class='ocrx_word' id='word_1_321' title='bbox 1487 3629 1553 3683; x_wconf 88' lang='lat' dir='ltr'>vitia</span> 
     </span>
     <span class='ocr_line' id='line_1_34' title="bbox 260 3712 1553 3784; baseline 0 -17"><span class='ocrx_word' id='word_1_322' title='bbox 260 3719 324 3767; x_wconf 91' lang='lat' dir='ltr'>sunt</span> <span class='ocrx_word' id='word_1_323' title='bbox 341 3730 424 3782; x_wconf 89' lang='lat' dir='ltr'>quam</span> <span class='ocrx_word' id='word_1_324' title='bbox 447 3719 478 3767; x_wconf 92' lang='lat' dir='ltr'>ut</span> <span class='ocrx_word' id='word_1_325' title='bbox 502 3713 537 3768; x_wconf 90' lang='lat' dir='ltr'>ab</span> <span class='ocrx_word' id='word_1_326' title='bbox 555 3713 698 3767; x_wconf 79' lang='lat' dir='ltr'>Aristotele</span> <span class='ocrx_word' id='word_1_327' title='bbox 715 3713 791 3766; x_wconf 90' lang='lat' dir='ltr'>locus</span> <span class='ocrx_word' id='word_1_328' title='bbox 809 3712 924 3780; x_wconf 90' lang='lat' dir='ltr'>scriptus</span> <span class='ocrx_word' id='word_1_329' title='bbox 947 3713 1083 3778; x_wconf 86' lang='lat' dir='ltr'>videatur,</span> <span class='ocrx_word' id='word_1_330' title='bbox 1106 3731 1187 3782; x_wconf 91' lang='lat' dir='ltr'>quem</span> <span class='ocrx_word' id='word_1_331' title='bbox 1208 3731 1265 3768; x_wconf 92' lang='lat' dir='ltr'>non</span> <span class='ocrx_word' id='word_1_332' title='bbox 1288 3731 1321 3768; x_wconf 88' lang='lat' dir='ltr'>ex</span> <span class='ocrx_word' id='word_1_333' title='bbox 1344 3715 1403 3784; x_wconf 90' lang='lat' dir='ltr'>ipso</span> <span class='ocrx_word' id='word_1_334' title='bbox 1421 3714 1553 3768; x_wconf 85' lang='lat' dir='ltr'>Herodoti</span> 
     </span>
     <span class='ocr_line' id='line_1_35' title="bbox 259 3798 1554 3869; baseline 0 -16"><span class='ocrx_word' id='word_1_335' title='bbox 259 3799 328 3860; x_wconf 89' lang='lat' dir='ltr'>libro</span> <span class='ocrx_word' id='word_1_336' title='bbox 352 3803 505 3867; x_wconf 91' lang='lat' dir='ltr'>sumptum,</span> <span class='ocrx_word' id='word_1_337' title='bbox 529 3799 576 3852; x_wconf 92' lang='lat' dir='ltr'>sed</span> <span class='ocrx_word' id='word_1_338' title='bbox 601 3798 689 3867; x_wconf 83' lang='lat' dir='ltr'>qualis</span> <span class='ocrx_word' id='word_1_339' title='bbox 711 3799 842 3852; x_wconf 86' lang='lat' dir='ltr'>memoria</span> <span class='ocrx_word' id='word_1_340' title='bbox 865 3799 1018 3865; x_wconf 85' lang='lat' dir='ltr'>tenebatur,</span> <span class='ocrx_word' id='word_1_341' title='bbox 1047 3801 1082 3853; x_wconf 90' lang='lat' dir='ltr'>ab</span> <span class='ocrx_word' id='word_1_342' title='bbox 1101 3800 1193 3868; x_wconf 90' lang='lat' dir='ltr'>aliquo</span> <span class='ocrx_word' id='word_1_343' title='bbox 1211 3800 1359 3869; x_wconf 89' lang='lat' dir='ltr'>posteriore</span> <span class='ocrx_word' id='word_1_344' title='bbox 1381 3800 1554 3869; x_wconf 88' lang='lat' dir='ltr'>neglegenter</span> 
     </span>
     <span class='ocr_line' id='line_1_36' title="bbox 261 3883 1555 3954; baseline 0.002 -16"><span class='ocrx_word' id='word_1_345' title='bbox 261 3885 383 3939; x_wconf 89' lang='lat' dir='ltr'>additum</span> <span class='ocrx_word' id='word_1_346' title='bbox 408 3885 431 3938; x_wconf 92' lang='lat' dir='ltr'>si</span> <span class='ocrx_word' id='word_1_347' title='bbox 456 3883 613 3938; x_wconf 79' lang='lat' dir='ltr'>Aristoteles</span> <span class='ocrx_word' id='word_1_348' title='bbox 640 3884 800 3952; x_wconf 88' lang='lat' dir='ltr'>scripsisset,</span> <span class='ocrx_word' id='word_1_349' title='bbox 833 3885 925 3952; x_wconf 90' lang='lat' dir='ltr'>opinio</span> <span class='ocrx_word' id='word_1_350' title='bbox 951 3890 1047 3939; x_wconf 88' lang='lat' dir='ltr'>nostra</span> <span class='ocrx_word' id='word_1_351' title='bbox 1073 3885 1236 3940; x_wconf 89' lang='lat' dir='ltr'>documento</span> <span class='ocrx_word' id='word_1_352' title='bbox 1269 3886 1428 3954; x_wconf 88' lang='lat' dir='ltr'>gravissimo</span> <span class='ocrx_word' id='word_1_353' title='bbox 1457 3886 1555 3940; x_wconf 88' lang='lat' dir='ltr'>confir·</span> 
     </span>
     <span class='ocr_line' id='line_1_37' title="bbox 260 3975 386 4024; baseline 0.008 -1"><span class='ocrx_word' id='word_1_354' title='bbox 260 3975 386 4024; x_wconf 79' lang='lat' dir='ltr'>meretur.</span> 
     </span>
    </p>

    <p class='ocr_par' dir='ltr' id='par_1_5' title="bbox 261 4054 1558 4638">
     <span class='ocr_line' id='line_1_38' title="bbox 347 4054 1555 4125; baseline 0.002 -16"><span class='ocrx_word' id='word_1_355' title='bbox 347 4054 370 4124; x_wconf 84' lang='lat'>²)</span> <span class='ocrx_word' id='word_1_356' title='bbox 393 4057 433 4109; x_wconf 86' lang='lat' dir='ltr'>Ea</span> <span class='ocrx_word' id='word_1_357' title='bbox 450 4060 679 4110; x_wconf 89' lang='lat' dir='ltr'>commemoratur</span> <span class='ocrx_word' id='word_1_358' title='bbox 696 4055 724 4108; x_wconf 90' lang='lat' dir='ltr'>C.</span> <span class='ocrx_word' id='word_1_359' title='bbox 743 4057 767 4108; x_wconf 89' lang='lat'>6.</span> <span class='ocrx_word' id='word_1_360' title='bbox 785 4055 921 4123; x_wconf 83' lang='lat' dir='ltr'>Wyttenb.</span> <span class='ocrx_word' id='word_1_361' title='bbox 940 4072 965 4122; x_wconf 88' lang='lat' dir='ltr'>p.</span> <span class='ocrx_word' id='word_1_362' title='bbox 979 4056 1039 4109; x_wconf 70' lang='lat'>437.</span> <span class='ocrx_word' id='word_1_363' title='bbox 1068 4056 1178 4123; x_wconf 88' lang='lat' dir='ltr'>Quanto</span> <span class='ocrx_word' id='word_1_364' title='bbox 1197 4062 1259 4125; x_wconf 89' lang='lat' dir='ltr'>post</span> <span class='ocrx_word' id='word_1_365' title='bbox 1276 4074 1336 4110; x_wconf 88' lang='lat' dir='ltr'>eam</span> <span class='ocrx_word' id='word_1_366' title='bbox 1354 4057 1422 4110; x_wconf 91' lang='lat' dir='ltr'>liber</span> <span class='ocrx_word' id='word_1_367' title='bbox 1438 4057 1555 4124; x_wconf 85' lang='lat' dir='ltr'>scriptus</span> 
     </span>
     <span class='ocr_line' id='line_1_39' title="bbox 261 4141 1555 4211; baseline 0.002 -17"><span class='ocrx_word' id='word_1_368' title='bbox 261 4146 343 4205; x_wconf 86' lang='lat' dir='ltr'>esset,</span> <span class='ocrx_word' id='word_1_369' title='bbox 367 4141 434 4195; x_wconf 90' lang='lat' dir='ltr'>nihil</span> <span class='ocrx_word' id='word_1_370' title='bbox 451 4141 555 4209; x_wconf 89' lang='lat' dir='ltr'>inipso</span> <span class='ocrx_word' id='word_1_371' title='bbox 573 4141 643 4195; x_wconf 91' lang='lat' dir='ltr'>libro</span> <span class='ocrx_word' id='word_1_372' title='bbox 662 4141 714 4194; x_wconf 91' lang='lat' dir='ltr'>dici</span> <span class='ocrx_word' id='word_1_373' title='bbox 737 4158 771 4195; x_wconf 85' lang='lat' dir='ltr'>ex</span> <span class='ocrx_word' id='word_1_374' title='bbox 795 4158 849 4210; x_wconf 90' lang='lat' dir='ltr'>quo</span> <span class='ocrx_word' id='word_1_375' title='bbox 869 4145 1010 4208; x_wconf 89' lang='lat' dir='ltr'>appareret</span> <span class='ocrx_word' id='word_1_376' title='bbox 1030 4141 1088 4210; x_wconf 85' lang='lat' dir='ltr'>ipse</span> <span class='ocrx_word' id='word_1_377' title='bbox 1106 4141 1136 4195; x_wconf 88' lang='lat' dir='ltr'>G.</span> <span class='ocrx_word' id='word_1_378' title='bbox 1154 4141 1304 4211; x_wconf 81' lang='lat' dir='ltr'>Lahmeyer</span> <span class='ocrx_word' id='word_1_379' title='bbox 1321 4141 1466 4205; x_wconf 86' lang='lat' dir='ltr'>concessit,</span> <span class='ocrx_word' id='word_1_380' title='bbox 1490 4159 1555 4196; x_wconf 91' lang='lat' dir='ltr'>curn</span> 
     </span>
     <span class='ocr_line' id='line_1_40' title="bbox 261 4226 1556 4296; baseline 0.002 -17"><span class='ocrx_word' id='word_1_381' title='bbox 261 4226 397 4280; x_wconf 88' lang='lat' dir='ltr'>Plutarchi</span> <span class='ocrx_word' id='word_1_382' title='bbox 414 4242 473 4280; x_wconf 88' lang='lat' dir='ltr'>esse</span> <span class='ocrx_word' id='word_1_383' title='bbox 489 4226 587 4280; x_wconf 91' lang='lat' dir='ltr'>librum</span> <span class='ocrx_word' id='word_1_384' title='bbox 606 4228 840 4282; x_wconf 89' lang='lat' dir='ltr'>demonstraturus</span> <span class='ocrx_word' id='word_1_385' title='bbox 858 4233 935 4280; x_wconf 87' lang='lat' dir='ltr'>esset.</span> <span class='ocrx_word' id='word_1_386' title='bbox 963 4227 1013 4294; x_wconf 90' lang='lat' dir='ltr'>(De</span> <span class='ocrx_word' id='word_1_387' title='bbox 1031 4226 1112 4280; x_wconf 89' lang='lat' dir='ltr'>libelli</span> <span class='ocrx_word' id='word_1_388' title='bbox 1130 4226 1291 4291; x_wconf 90' lang='lat' dir='ltr'>Plutarchei,</span> <span class='ocrx_word' id='word_1_389' title='bbox 1309 4227 1355 4296; x_wconf 91' lang='lat' dir='ltr'>qui</span> <span class='ocrx_word' id='word_1_390' title='bbox 1374 4227 1407 4281; x_wconf 91' lang='lat' dir='ltr'>de</span> <span class='ocrx_word' id='word_1_391' title='bbox 1423 4227 1556 4282; x_wconf 87' lang='lat' dir='ltr'>Herodoti</span> 
     </span>
     <span class='ocr_line' id='line_1_41' title="bbox 261 4311 1557 4381; baseline 0.002 -16"><span class='ocrx_word' id='word_1_392' title='bbox 261 4312 428 4380; x_wconf 87' lang='lat' dir='ltr'>malignitate</span> <span class='ocrx_word' id='word_1_393' title='bbox 444 4311 608 4376; x_wconf 90' lang='lat' dir='ltr'>inscribitur,</span> <span class='ocrx_word' id='word_1_394' title='bbox 633 4318 660 4366; x_wconf 92' lang='lat' dir='ltr'>et</span> <span class='ocrx_word' id='word_1_395' title='bbox 678 4313 837 4367; x_wconf 87' lang='lat' dir='ltr'>auctoritate</span> <span class='ocrx_word' id='word_1_396' title='bbox 860 4318 887 4366; x_wconf 92' lang='lat' dir='ltr'>et</span> <span class='ocrx_word' id='word_1_397' title='bbox 905 4318 1025 4378; x_wconf 87' lang='lat' dir='ltr'>auctore,</span> <span class='ocrx_word' id='word_1_398' title='bbox 1050 4312 1168 4380; x_wconf 88' lang='lat' dir='ltr'>Gotting.</span> <span class='ocrx_word' id='word_1_399' title='bbox 1189 4313 1263 4367; x_wconf 73' lang='lat'>1843.</span> <span class='ocrx_word' id='word_1_400' title='bbox 1286 4330 1312 4381; x_wconf 91' lang='lat' dir='ltr'>p.</span> <span class='ocrx_word' id='word_1_401' title='bbox 1330 4313 1377 4366; x_wconf 63' lang='lat'>82:</span> <span class='ocrx_word' id='word_1_402' title='bbox 1402 4314 1442 4367; x_wconf 92' lang='lat' dir='ltr'>De</span> <span class='ocrx_word' id='word_1_403' title='bbox 1465 4318 1557 4367; x_wconf 83' lang='lat' dir='ltr'>aetate</span> 
     </span>
     <span class='ocr_line' id='line_1_42' title="bbox 262 4398 1556 4468; baseline 0.001 -16"><span class='ocrx_word' id='word_1_404' title='bbox 262 4403 352 4452; x_wconf 88' lang='lat' dir='ltr'>autem</span> <span class='ocrx_word' id='word_1_405' title='bbox 371 4399 508 4468; x_wconf 85' lang='lat' dir='ltr'>scriptoris</span> <span class='ocrx_word' id='word_1_406' title='bbox 526 4414 559 4452; x_wconf 84' lang='lat' dir='ltr'>ex</span> <span class='ocrx_word' id='word_1_407' title='bbox 576 4399 636 4465; x_wconf 89' lang='lat' dir='ltr'>ipso</span> <span class='ocrx_word' id='word_1_408' title='bbox 654 4399 723 4452; x_wconf 92' lang='lat' dir='ltr'>libro</span> <span class='ocrx_word' id='word_1_409' title='bbox 742 4415 799 4452; x_wconf 93' lang='lat' dir='ltr'>non</span> <span class='ocrx_word' id='word_1_410' title='bbox 819 4415 904 4466; x_wconf 85' lang='lat' dir='ltr'>aeque</span> <span class='ocrx_word' id='word_1_411' title='bbox 922 4398 999 4452; x_wconf 81' lang='lat' dir='ltr'>facile</span> <span class='ocrx_word' id='word_1_412' title='bbox 1017 4402 1058 4452; x_wconf 84' lang='lat' dir='ltr'>est</span> <span class='ocrx_word' id='word_1_413' title='bbox 1076 4403 1201 4455; x_wconf 86' lang='lat' dir='ltr'>statuere.</span> <span class='ocrx_word' id='word_1_414' title='bbox 1236 4398 1307 4452; x_wconf 88' lang='lat' dir='ltr'>Nam</span> <span class='ocrx_word' id='word_1_415' title='bbox 1328 4399 1390 4453; x_wconf 90' lang='lat' dir='ltr'>licet</span> <span class='ocrx_word' id='word_1_416' title='bbox 1407 4403 1470 4467; x_wconf 90' lang='lat' dir='ltr'>post</span> <span class='ocrx_word' id='word_1_417' title='bbox 1489 4398 1556 4453; x_wconf 87' lang='lat' dir='ltr'>Cae·</span> 
     </span>
     <span class='ocr_line' id='line_1_43' title="bbox 262 4483 1558 4552; baseline 0 -14"><span class='ocrx_word' id='word_1_418' title='bbox 262 4501 350 4538; x_wconf 87' lang='lat' dir='ltr'>sarem</span> <span class='ocrx_word' id='word_1_419' title='bbox 368 4490 395 4539; x_wconf 92' lang='lat' dir='ltr'>et</span> <span class='ocrx_word' id='word_1_420' title='bbox 409 4485 540 4538; x_wconf 87' lang='lat' dir='ltr'>Catonem</span> <span class='ocrx_word' id='word_1_421' title='bbox 558 4483 657 4537; x_wconf 83' lang='lat' dir='ltr'>vixisse</span> <span class='ocrx_word' id='word_1_422' title='bbox 674 4484 749 4537; x_wconf 90' lang='lat' dir='ltr'>illum</span> <span class='ocrx_word' id='word_1_423' title='bbox 763 4499 873 4538; x_wconf 89' lang='lat' dir='ltr'>necesse</span> <span class='ocrx_word' id='word_1_424' title='bbox 887 4483 930 4549; x_wconf 89' lang='lat' dir='ltr'>sit,</span> <span class='ocrx_word' id='word_1_425' title='bbox 947 4483 993 4537; x_wconf 85' lang='lat' dir='ltr'>rix</span> <span class='ocrx_word' id='word_1_426' title='bbox 1006 4488 1048 4537; x_wconf 89' lang='lat' dir='ltr'>est</span> <span class='ocrx_word' id='word_1_427' title='bbox 1060 4483 1089 4537; x_wconf 91' lang='lat' dir='ltr'>in</span> <span class='ocrx_word' id='word_1_428' title='bbox 1101 4483 1161 4552; x_wconf 89' lang='lat' dir='ltr'>ipsa</span> <span class='ocrx_word' id='word_1_429' title='bbox 1175 4483 1319 4552; x_wconf 85' lang='lat' dir='ltr'>scriptione</span> <span class='ocrx_word' id='word_1_430' title='bbox 1334 4501 1389 4552; x_wconf 91' lang='lat' dir='ltr'>quo</span> <span class='ocrx_word' id='word_1_431' title='bbox 1403 4484 1558 4538; x_wconf 84' lang='lat' dir='ltr'>accuratius</span> 
     </span>
     <span class='ocr_line' id='line_1_44' title="bbox 263 4569 525 4638; baseline 0.011 -17"><span class='ocrx_word' id='word_1_432' title='bbox 263 4569 366 4624; x_wconf 83' lang='lat' dir='ltr'>definiri</span> <span class='ocrx_word' id='word_1_433' title='bbox 383 4569 525 4638; x_wconf 82' lang='lat' dir='ltr'>rideatur.)</span> 
     </span>
    </p>
   </div>
   <div class='ocr_carea' id='block_1_4' title="bbox 0 0 1691 5204">
    <p class='ocr_par' dir='ltr' id='par_1_6' title="bbox 0 0 1691 5204">
     <span class='ocr_line' id='line_1_45' title="bbox 0 0 1691 5204; baseline 0 0"><span class='ocrx_word' id='word_1_434' title='bbox 0 0 1691 5204; x_wconf 95' lang='lat' dir='ltr'> </span> 
     </span>
    </p>
   </div>
  </div>
 </body>
</html>
