3330 5214
669 436 882 499 „11-

126 609 219 673 ribus
247 608 398 672 extremis
430 611 486 672 aut
513 607 623 688 paullo
651 610 726 688 post
756 607 876 688 scripto
905 606 1013 671 forma
1040 605 1203 677 ΠανύαΨις
1229 605 1421 683 inveniatur,

127 731 196 792 qua
208 714 344 788 ceterae,
357 730 570 793 quaecunque
582 710 763 786 traduntur,
779 713 836 774 aut
851 709 1018 790 aliquanto
1036 712 1092 773 aut
1108 709 1210 772 multo
1226 709 1422 773 recentiores

127 816 216 878 sunt.
265 813 553 891 Quamobcausam
582 832 653 877 cum
682 817 808 877 ceterae
836 831 950 876 omnes
972 812 1047 876 huic
1068 812 1317 895 postponendae
1348 811 1422 889 sint,

126 916 209 980 nihil
226 916 364 997 amplius
381 915 590 981 iudicandum
601 915 697 980 nobis
713 915 905 996 relinquitur
921 915 983 979 nisi
1000 934 1099 996 quam
1114 915 1242 979 literam
1262 913 1294 976 'l'
1309 914 1422 979 literae

127 1019 201 1083 loco
225 1019 415 1096 scribamus,
438 1037 522 1098 quae
543 1018 638 1083 nobis
662 1018 754 1082 desit.
795 1018 899 1082 Huius
921 1021 1032 1082 autem
1052 1018 1125 1082 loco
1148 1021 1182 1082 et
1204 1045 1238 1082 σα
1261 1020 1293 1081 et
1316 1044 1333 1082 ο
1355 1020 1388 1082 et
1410 1020 1423 1090 ξ

125 1121 239 1186 literas
261 1121 397 1202 scriptas
422 1121 641 1201 cognovimus.
684 1121 792 1202 Atque
820 1120 881 1184 has
912 1140 1026 1185 omnes
1046 1121 1080 1184 in
1099 1121 1286 1185 nominibus
1303 1119 1423 1184 Caricis

128 1224 245 1304 quinto
267 1224 397 1288 saeculo
419 1224 505 1288 illius
526 1223 638 1290 literae
659 1224 732 1288 loco
754 1226 927 1306 usurpatas
951 1244 1023 1289 esse
1046 1227 1183 1288 constat.
1231 1223 1306 1288 Sive
1327 1222 1423 1304 igitur

129 1328 298 1399 Πανύασσις
320 1326 388 1390 sive
411 1328 559 1399 Πανύασις
581 1327 649 1392 sive
667 1329 811 1400 Πανόαξις
833 1327 940 1392 forma
960 1328 1081 1392 utimur
1097 1345 1218 1392 nomen
1235 1326 1423 1401 scribentes

129 1434 220 1494 recte
243 1449 316 1494 eam
337 1429 479 1493 nominis
501 1429 641 1494 formam
662 1430 840 1508 reddimus,
863 1450 947 1511 quae
969 1430 1070 1512 ipsius
1085 1429 1293 1512 Panyassidis
1316 1432 1423 1493 aetate

127 1536 288 1614 usurpata
316 1533 430 1597 ceteris
458 1531 585 1597 traditis
613 1535 769 1613 praestat.
824 1533 938 1614 Neque
968 1532 1147 1615 quidquam
1176 1534 1329 1610 interest,
1358 1550 1424 1612 qua

128 1637 238 1701 forma
260 1656 277 1700 e
298 1636 397 1700 trium
418 1634 545 1698 illarum
566 1653 702 1699 nmnero
724 1638 864 1714 utamur,
888 1656 972 1718 quae
994 1657 1109 1701 omnes
1132 1636 1229 1718 aequi
1249 1635 1314 1699 sint
1336 1633 1423 1709 iuris

128 1742 168 1802 ut
189 1738 333 1826 Ἀφόασις
354 1757 476 1802 nomen
498 1764 515 1801 σ
537 1737 630 1802 litera
651 1738 788 1820 simplici
810 1739 965 1820 scriptum
986 1739 1020 1803 in
1043 1740 1160 1804 eodem
1181 1739 1275 1804 titulo
1297 1737 1424 1819 legitur,

128 1843 164 1906 in
197 1861 261 1924 qno
288 1839 451 1912 ΠανόαΨις
485 1840 592 1903 forma
624 1845 738 1905 exstat.
799 1841 913 1923 Neque
950 1842 1046 1922 igitur
1080 1842 1207 1920 vitium,
1242 1840 1301 1906 sed
1330 1838 1424 1922 quasi

130 1945 353 2009 necessarium
369 1943 450 2007 illud
471 1946 531 2019 est,
558 1944 647 2026 quod
671 1944 760 2024 apud
783 1945 954 2026 scriptores
966 1943 991 2027 ¹)
1014 1944 1077 2008 hoc
1098 1963 1229 2022 nomen,
1257 1943 1318 2008 nisi
1340 1942 1424 2006 forte

129 2050 319 2128 corruptum
341 2050 400 2124 est,
424 2066 552 2111 summa
570 2066 644 2111 cum
666 2047 884 2110 inconstantia
905 2050 975 2110 turn
997 2048 1163 2119 Πανύασσις
1183 2050 1255 2111 tum
1277 2047 1425 2116 Πανύασις

129 2149 286 2231 scriptum
307 2149 431 2230 legitur.
470 2149 602 2215 alitera
625 2149 744 2230 duplici
767 2149 917 2230 equidem
943 2150 1066 2214 nullam
1093 2150 1192 2215 aliam
1219 2151 1263 2214 ob
1290 2168 1424 2214 causam

128 2251 165 2316 id
188 2252 315 2334 scripsi,
345 2252 408 2315 nisi
430 2253 519 2334 quod
549 2252 595 2316 ita
624 2252 780 2333 scriptmn
809 2252 913 2316 sexies
939 2253 974 2316 in
999 2253 1093 2317 titulo
1121 2253 1251 2335 legitur,
1280 2252 1424 2332 reliquae

128 2355 256 2418 formae
269 2355 491 2420 admittendae
507 2356 608 2420 titulis
626 2374 694 2420 non
711 2356 894 2420 traduntur.
928 2357 1073 2429 Πανύαξις
1089 2357 1176 2421 enim
1192 2356 1298 2420 forma
1316 2353 1425 2418 adhuc

127 2476 293 2538 nusquam
314 2457 471 2522 traditum
492 2459 667 2536 invenitur,
701 2460 848 2530 Πανύασις
878 2458 984 2522 forma
1013 2460 1101 2540 apud
1130 2459 1303 2540 scriptores
1325 2456 1423 2520 solos.

219 2560 291 2639 Qua
314 2561 355 2625 de
377 2581 476 2626 causa
497 2562 531 2626 in
553 2587 653 2634 υαοοις
671 2561 805 2625 nomina
827 2560 940 2626 Carica
962 2561 1066 2626 multa
1090 2564 1217 2639 exeant,
1241 2561 1425 2625 etiamnunc

128 2664 228 2746 plane
243 2664 444 2746 perspicitur.
467 2664 594 2729 Scimus
607 2665 694 2729 enim
702 2683 824 2728 nomen
835 2654 1205 2746 uaricum’taaun0;2t
1219 2663 1273 2748 (=
1286 2654 1425 2728 Οὔσσωλ·

129 2767 197 2850 λος)
207 2764 235 2850 3)
258 2766 368 2844 fuisse,
390 2767 442 2832 cui
456 2768 581 2832 nomini
597 2787 670 2833 cum
686 2768 720 2832 in
738 2763 1020 2849 Ἀκταύσσωλλος4)
1036 2767 1169 2831 nomine
1179 2765 1273 2830 Ἀκτα
1289 2764 1426 2829 verbum

128 2869 353 2954 praepositum
380 2870 431 2948 sit,
459 2871 549 2952 quod
574 2871 608 2935 in
630 2869 859 2951 Ἀκταύασσις5)
881 2868 1013 2933 nomine
1035 2868 1130 2948 redit,
1150 2861 1275 2940 Ὕαοσις
1303 2881 1425 2931 nornen

129 2972 306 3056 personale
332 2973 453 3054 pariter
483 2978 581 3056 atque
596 2969 774 3046 Ὗσσωλλος
804 2972 903 3037 tuisse
929 2990 1063 3035 necesse
1091 2974 1150 3036 est.
1201 2971 1241 3035 Et
1269 2969 1425 3034 traditum

130 3079 238 3140 exstat
270 3076 349 3140 illud
382 3095 514 3155 nomen,
548 3096 737 3158 quanquam
770 3076 876 3140 forma
907 3073 1043 3156 paulum
1076 3074 1193 3148 differt,
1226 3075 1260 3138 in
1292 3072 1424 3136 nomine

129 3177 227 3242 locali
249 3176 423 3261 Οὐαοσόςθ)
451 3180 540 3262 quod
566 3179 600 3243 in
628 3177 760 3244 nomine
788 3178 882 3242 locali
904 3175 1163 3262 ὨνζωσαυααόςῚ)
1186 3177 1303 3242 eodem
1324 3173 1424 3238 modo

130 3280 349 3362 compositum
370 3281 519 3359 habetur,
542 3301 608 3364 quo
624 3273 749 3354 Ὕασσις
770 3281 804 3344 in
825 3279 1021 3352 Ἀκταύασσις
1042 3280 1184 3345 nomine.
1493 3269 1494 3274 ¹

218 3383 255 3447 ln
277 3408 310 3456 ος
324 3383 459 3456 Oderat:
481 3404 603 3449 nomen
621 3383 696 3461 exit,
713 3403 782 3448 non
799 3383 832 3447 in
853 3409 886 3461 ις,
909 3384 986 3464 quia
1003 3383 1106 3448 locale
1125 3386 1185 3447 est.
1217 3384 1425 3464 Quamquam

131 3484 220 3550 enim
247 3486 381 3551 nomina
407 3487 592 3568 personalia
620 3487 708 3569 apud
738 3486 837 3551 Cares
865 3486 1006 3568 plurima
1034 3487 1068 3550 in
1096 3511 1128 3558 ος
1157 3490 1287 3562 exeunt,
1314 3491 1426 3550 tamen

129 3587 258 3652 nullum
283 3589 370 3669 apud
397 3609 453 3654 eos
480 3590 695 3655 masculinum
717 3589 871 3666 invenies
898 3590 987 3671 quod
1009 3590 1042 3652 in
1065 3614 1088 3660 ις
1111 3589 1230 3654 cadens
1252 3588 1425 3670 personale

130 3692 231 3772 atque
253 3690 341 3755 idern
362 3691 464 3756 locale
487 3692 537 3758 sit.
582 3693 626 3757 At
648 3712 733 3775 quae
754 3693 888 3756 nomina
909 3692 1095 3774 personalia
1111 3692 1239 3773 generis
1255 3690 1424 3756 masculini

130 3792 165 3856 in
194 3818 218 3865 ις
246 3798 374 3871 exeunt,
404 3797 520 3860 eadem
547 3796 663 3860 localia
692 3796 725 3860 in
753 3821 785 3867 ος
812 3795 932 3859 exittrm
955 3795 1086 3860 habent.
1131 3795 1216 3859 Nam
1238 3793 1423 3859 nominibus

186 3981 192 3991 ·
219 3965 241 4033 1)
268 3966 307 4020 De
331 3965 448 4021 nominis
470 3966 564 4020 formis
589 3969 660 4035 apud
683 3967 826 4034 scriptores
844 3966 948 4020 traditis
967 3967 999 4020 cl.
1019 3983 1051 4020 aa
1070 3982 1140 4035 quae
1157 3965 1347 4020 Tzsohirnarus
1364 3964 1381 4022 l.
1401 3981 1423 4017 c.

131 4067 157 4118 p.
181 4051 206 4104 3.
229 4051 248 4103 4
269 4056 297 4104 et
318 4051 487 4106 Ecksteinius
518 4051 613 4119 (Erech
637 4069 663 4109 u.
689 4052 804 4117 Gruher,
834 4051 903 4105 Hall.
927 4052 1033 4120 Encyol.
1058 4053 1126 4105 Sect.
1149 4052 1195 4105 lll.
1220 4067 1283 4119 pars
1301 4051 1328 4118 1,
1352 4067 1378 4118 p.
1396 4047 1425 4117 9)

132 4135 305 4205 collegerunt.

217 4222 241 4290 2)
266 4222 331 4276 Ditt.
349 4223 376 4275 S.
394 4224 411 4276 6
429 4238 451 4275 c.
472 4225 494 4277 l.
513 4223 538 4277 4.
557 4223 598 4277 38.

217 4307 241 4376 ³)
266 4309 334 4362 Ibid.
353 4309 394 4361 76.
412 4309 437 4361 l.

218 4391 241 4459 ⁴)
266 4393 437 4448 [binoto.

217 4477 241 4546 ⁵)
268 4479 454 4533 16166646.

219 4564 243 4632 ⁶)
268 4563 336 4619 lhid.
355 4566 381 4618 6.
399 4565 440 4620 30.

218 4649 241 4718 ⁷)
267 4650 335 4704 Ibid.
354 4651 378 4703 6.
398 4651 439 4704 20.
