3330 5214
814 386 1028 450 -50-

277 562 330 624 τοῦ
354 559 498 643 ἱστορικοῦ
521 559 684 644 ἐξάδελφος
707 557 898 634 continetur,
922 557 965 621 ad
987 576 1072 638 quae
1093 557 1194 620 verba
1215 558 1319 639 γέγονε
1341 559 1396 641 γὰρ
1420 557 1568 626 Πανύασις

277 664 469 748 Πολυάρχου,
501 663 517 726 ὁ
541 663 575 726 δὲ
593 657 758 745 Ἡρόδοτος
780 661 874 732 Λύξου
896 661 949 724 τοῦ
972 661 1153 746 Πολυάρχου
1178 661 1311 746 ἀδελφοῦ
1338 660 1384 723 ita
1405 659 1568 740 applicata

273 768 359 828 sunt·
374 768 410 828 ut
438 784 477 828 ex
504 764 566 827 illis
595 783 634 828 ea
663 764 761 827 ducta
784 782 855 828 esse
878 763 1064 826 etiamnunc
1085 765 1252 843 appareat.
1297 763 1382 827 Nam
1405 763 1567 850 ἐξάδελφος

272 867 371 930 verbo
394 867 501 931 fratris
523 866 625 930 filiurn
648 865 820 947 significari
837 869 961 930 certum
983 869 1042 941 est,
1066 884 1140 928 curn
1155 865 1357 947 Phrynichus
1368 863 1392 949 ¹)
1410 865 1443 929 id
1459 865 1567 929 Attice

273 969 463 1034 inusitatum
484 971 650 1051 verboque
673 970 790 1056 ἀνεψιός
812 968 1014 1034 reddendum
1038 988 1110 1034 esse
1132 972 1245 1033 auctor
1267 969 1325 1047 sit,
1356 973 1388 1033 et
1418 988 1503 1050 quae
1526 969 1567 1032 de

271 1072 358 1135 iltius
379 1072 470 1136 verbi
492 1091 562 1150 usu,
593 1073 682 1154 quod
704 1072 793 1154 apud
815 1071 921 1136 nullos
945 1072 1117 1151 scriptores
1139 1071 1202 1134 nisi
1224 1072 1314 1153 apud
1336 1090 1427 1136 seros
1451 1074 1566 1147 exstat,

273 1171 479 1258 praeterea²)
509 1175 694 1252 traduntur,
732 1175 843 1238 omnia
878 1175 913 1238 in
941 1173 1114 1256 Phrynichi
1146 1174 1330 1239 versionem
1361 1174 1565 1239 conveniant.

271 1277 318 1342 Eo
342 1277 428 1341 enim
449 1278 550 1342 verbo
573 1279 628 1359 qui
650 1282 794 1356 utuntur,
816 1277 919 1342 filium
941 1282 997 1342 aut
1013 1277 1114 1341 filiam
1128 1278 1237 1358 patrui
1259 1281 1315 1342 aut
1338 1277 1488 1341 avunculi
1511 1279 1566 1340 aut

272 1383 466 1445 materterae
489 1380 678 1461 significant.
723 1381 776 1445 Ad
797 1381 886 1445 hune
908 1384 1017 1445 autern
1039 1380 1130 1444 verbi
1146 1399 1243 1444 usum
1259 1399 1326 1444 non
1342 1378 1448 1444 solum
1466 1379 1567 1443 verba

272 1483 375 1566 γέγονε
391 1485 447 1568 γάρ
466 1531 582 1547 ......
601 1486 744 1570 ἀδελφοῦ,
765 1484 824 1548 sed
841 1484 940 1548 etiam
957 1502 1041 1564 quae
1058 1485 1238 1562 sequuntur
1253 1481 1375 1563 optime
1393 1482 1567 1562 quadrant,

172 1631 175 1636 -
272 1585 299 1648 si
314 1587 498 1657 Πανοάοιδος
520 1587 655 1650 verbum
677 1590 822 1651 mutatur
844 1587 876 1650 in
893 1589 1083 1672 Πολυάρχου.
1119 1584 1212 1663 Quae
1228 1585 1365 1649 mutatio
1383 1585 1416 1648 in
1434 1603 1567 1648 omnem

273 1691 400 1770 partem
422 1689 600 1770 probabilis
624 1694 681 1754 est.
725 1689 810 1753 Nam
832 1689 939 1770 ipsum
958 1691 1142 1759 Πανυάοιδος
1164 1687 1301 1752 verbum
1322 1687 1430 1752 locum
1455 1687 1566 1769 legen·

271 1790 358 1855 tibus
388 1791 482 1855 nobis
517 1791 663 1874 ineptum
698 1813 733 1857 se
764 1793 900 1874 praebet
928 1811 1035 1873 neque
1064 1791 1152 1855 idem
1181 1810 1255 1855 curn
1284 1791 1376 1855 verbi
1404 1792 1567 1878 ἐξάδελφος

273 1913 335 1958 usu
357 1895 516 1959 convenit.
560 1895 604 1959 At
632 1897 813 1981 Πολυάρχου
835 1895 936 1959 verbo
959 1893 1108 1959 restituto
1131 1892 1221 1958 locus
1243 1913 1304 1958 nec
1326 1913 1385 1974 per
1406 1914 1442 1958 se
1465 1894 1567 1976 inepti

273 1997 450 2078 quidquam
473 1998 574 2062 habet
592 2019 652 2063 nec
670 1999 760 2063 verbi
776 2000 938 2085 ἐξάδελφος
960 1998 1032 2062 usui
1053 2000 1222 2079 repugnat,
1246 1997 1305 2060 sed
1328 1997 1468 2061 eandem
1490 2017 1565 2060 sen-

272 2100 408 2164 tentiam
430 2102 575 2183 praebet,
599 2121 698 2183 quam
721 2106 809 2166 certa
832 2102 900 2166 eius
922 2121 999 2182 pars
1021 2101 1119 2182 plane
1142 2104 1174 2165 et
1196 2104 1309 2182 aperte
1331 2100 1462 2164 indicat.

357 2203 460 2267 Docet
488 2204 584 2285 igitur
613 2204 703 2269 locus
733 2209 917 2285 propterea,
945 2204 1034 2284 quod
1060 2203 1248 2269 Herodotus
1275 2202 1483 2285 Panyassidis
1507 2205 1567 2276 ἐξά·

273 2310 384 2392 δελφος
405 2306 543 2370 traditus
566 2307 616 2383 sit,
645 2307 687 2371 ab
716 2307 825 2370 alteris
853 2325 967 2370 eorum
990 2307 1217 2388 cognationem
1239 2326 1260 2370 a
1280 2308 1373 2388 patre
1395 2305 1565 2381 Herodoti,

272 2409 316 2472 ab
340 2409 449 2472 alteris
471 2429 492 2473 a
513 2413 618 2484 matre
646 2409 778 2473 ductam
805 2428 886 2473 esse.
932 2407 1039 2486 Quam
1068 2409 1111 2474 ad
1140 2408 1385 2490 significandam
1415 2409 1566 2489 ipsumne

273 2511 409 2575 verbum
442 2513 618 2598 ἐξάδελφος,
654 2512 742 2593 quod
778 2511 866 2593 apud
892 2512 1018 2576 Atticos
1053 2512 1242 2576 inusitatum
1278 2511 1352 2588 fuit,
1388 2511 1566 2592 antiquitus

272 2614 429 2678 traditum
451 2615 502 2692 sit,
525 2614 667 2679 dubitari
688 2617 807 2696 potest.
851 2615 963 2695 Ipsum
985 2615 1012 2678 si
1033 2614 1191 2679 traditum
1210 2617 1269 2690 est,
1288 2633 1308 2677 a
1326 2613 1415 2678 nullo
1433 2614 1566 2698 quidem

274 2716 429 2798 scriptore
451 2718 537 2783 tradi
557 2718 663 2800 potuit
684 2719 746 2782 nisi
769 2718 811 2782 ab
833 2718 953 2782 lonico.
1005 2716 1063 2781 Sin
1085 2717 1201 2794 minus,
1230 2736 1251 2780 a
1277 2716 1432 2799 scriptore
1455 2716 1565 2797 aliquo

274 2820 390 2884 aetatis
418 2821 607 2902 posterioris
636 2821 726 2885 verbi
754 2820 865 2884 traditi
895 2820 967 2884 loco
998 2820 1210 2884 substitutum
1239 2823 1297 2882 est.
1347 2819 1431 2882 Nam
1458 2819 1501 2883 de
1532 2839 1566 2883 re

277 2923 409 3003 quidem
437 2923 579 2986 dubitari
607 2941 674 2986 non
703 2925 822 3002 potest,
852 2924 972 3005 quippe
1001 2943 1085 3004 quae
1113 2924 1155 2986 ab
1182 2922 1260 3004 ipsis
1282 2921 1446 3008 veteribus
1475 2925 1567 2987 extra

276 3025 513 3089 dubitationem
541 3025 656 3089 habita
688 3025 738 3088 sit.
794 3025 907 3106 Itaque
941 3027 1069 3091 etiarnsi
1101 3025 1260 3091 Herodoti
1294 3028 1327 3089 et
1358 3024 1567 3107 Panyassidis

274 3127 424 3208 cognatio
454 3146 522 3191 non
551 3147 571 3190 a
600 3128 757 3208 scriptore
786 3127 895 3191 lonico
923 3129 1043 3193 tradita
1069 3130 1121 3206 sit,
1148 3133 1259 3192 tamen
1285 3146 1356 3191 rem
1376 3127 1503 3191 nudam
1525 3127 1567 3192 ad

272 3234 392 3294 testem
433 3230 693 3310 antiquissimum
734 3231 899 3312 ipsiusque
939 3231 1099 3296 Herodoti
1140 3230 1343 3313 temporibus
1381 3229 1568 3310 proximum

274 3332 380 3396 redire
408 3353 468 3414 pro
499 3337 586 3397 certo
612 3333 803 3398 habendum
831 3338 888 3398 est.
935 3335 1103 3415 Optimum
1129 3335 1225 3415 igitur
1251 3334 1292 3397 de
1318 3332 1478 3397 Herodoti
1501 3333 1568 3396 vita

274 3438 394 3499 testem
429 3435 651 3516 cognovimus,
692 3436 780 3500 cuius
814 3437 950 3520 vestigia
983 3437 1133 3519 persequi
1172 3455 1291 3517 operae
1328 3436 1468 3515 pretium
1508 3438 1566 3498 est.

251 3537 359 3618 vNam
396 3539 562 3617 complura
599 3541 743 3614 exstant,
783 3558 866 3619 quae
904 3541 997 3605 facile
1034 3538 1322 3603 animadvertimus
1362 3541 1566 3618 quaerentes

275 3659 419 3719 quonam
447 3643 593 3719 tempore
623 3640 662 3704 ac
691 3641 764 3705 loco
795 3661 835 3704 ea
867 3642 1054 3705 testimonia
1087 3641 1162 3705 oriri
1194 3640 1372 3722 potuerint,
1407 3659 1492 3720 quae
1527 3641 1567 3703 de

277 3741 436 3806 Herodoti
457 3742 555 3805 rebus
576 3742 832 3807 Halicamasseis
855 3743 1048 3823 accepimus.

358 3844 512 3908 Eiusdem
530 3845 617 3909 enim
635 3847 727 3910 testis
745 3846 882 3926 vestigia
900 3850 1014 3926 patent
1031 3867 1150 3928 magno
1170 3866 1209 3910 ac
1226 3847 1308 3910 miro
1327 3865 1439 3910 earum
1458 3865 1568 3909 rerum

274 3966 421 4024 numero,
453 3966 537 4027 quae
568 3949 608 4012 de
634 3949 794 4014 Herodoti
821 3948 945 4011 familia
971 3949 1151 4013 traduntur.
1196 3950 1245 4013 Ac
1271 3948 1355 4012 hanc
1382 3948 1468 4012 enim
1490 3968 1567 4030 per-

274 4051 378 4114 tinent
400 4069 467 4113 non
489 4052 596 4115 solum
618 4070 702 4131 quae
725 4050 765 4114 de
788 4051 947 4114 Herodoti
965 4070 1082 4130 genere
1100 4053 1201 4116 nobili
1221 4052 1353 4132 eiusque
1369 4070 1441 4114 cum
1459 4051 1567 4134 Pany-

275 4152 382 4216 asside
406 4155 597 4233 cognatione
620 4154 800 4229 traduntur,
823 4152 881 4216 sed
901 4153 1001 4217 etiam
1019 4152 1191 4218 multitudo
1210 4155 1264 4218 illa
1283 4153 1461 4230 nominum,
1481 4173 1568 4234 quae

275 4255 315 4317 de
337 4253 496 4320 Herodoti
518 4257 663 4338 cognatis
685 4254 877 4336 accepimus
901 4255 942 4318 de
962 4255 1079 4336 quibus
1097 4257 1275 4320 memoriae
1292 4256 1460 4335 proditum
1474 4256 1567 4320 vide-

359 4409 380 4475 ¹)
407 4412 439 4463 ci.
450 4410 564 4474 Lobeek,
578 4409 746 4477 Phrynichus
757 4409 852 4473 paco.
880 4407 1026 4478 ἐξάδελφος·
1040 4409 1291 4480 ἀποδιοπομπητέον,
1306 4411 1408 4480 ἀνεψιὸς
1424 4413 1450 4464 δὲ
1467 4411 1568 4484 ῥητέον.

357 4493 380 4562 ²)
408 4495 441 4552 ct.
451 4495 626 4562 Stephanum,
645 4494 713 4548 thes.
730 4493 794 4561 ling.
813 4494 938 4549 Graecae.
952 4495 1002 4548 'Ut
1020 4495 1123 4564 reliqua
1142 4495 1273 4560 omittam,
1292 4513 1378 4550 unum
1395 4497 1448 4551 hoc
1467 4499 1566 4554 affero:

273 4579 405 4652 tfiaietpq,
424 4579 455 4649 ἡἸ
468 4579 641 4636 inPandect.
669 4581 686 4648 ἡ
705 4580 818 4651 θυγάτηρ
837 4581 882 4633 τοῦ
901 4580 971 4634 θείου
988 4577 1005 4651 ἢ
1026 4584 1072 4651 τῆς
1091 4580 1170 4641 δάος.
