3330 5214
786 432 976 495 ,4-

238 608 458 669 tractaverunt
487 607 543 690 aut
570 603 667 684 plane
688 602 906 684 neglexenmt.
952 602 1107 681 Quamvis
1134 602 1230 684 igitur
1256 603 1394 666 multmn
1416 603 1527 684 dispu-

237 709 342 770 tatum
374 707 429 784 sit,
469 711 580 770 tamen
613 705 654 770 de
687 705 834 786 plurimis
870 705 968 770 rebus
1007 705 1094 769 hanc
1125 705 1350 787 quaestionem
1382 705 1529 770 relictam

239 809 399 874 habemus
409 809 510 873 nihilo
527 808 633 872 minus
645 809 833 872 obscuram·
850 808 1010 872 Locorum
1023 808 1109 871 enim
1120 811 1357 888 corruptorum,
1370 807 1425 889 qui
1436 808 1530 872 multi

240 930 314 975 eam
324 911 514 993 impediunt,
526 911 632 976 nullus
644 910 752 975 adhuc
762 911 808 975 ita
820 911 996 993 explicatus
1008 915 1064 975 aut
1082 911 1273 975 emendatus
1286 913 1381 999 estut
1393 911 1426 974 in
1436 911 1530 975 testi-

240 1014 385 1078 monium
401 1014 530 1078 admitti
544 1014 658 1096 possit.
680 1014 789 1094 Atque
805 1013 927 1079 incerta
944 1016 1019 1078 sunt
1035 1013 1154 1091 omnia,
1170 1033 1253 1094 quae
1270 1014 1313 1077 ad
1324 1013 1426 1077 vitam
1437 1018 1530 1078 aeta-

239 1119 371 1198 temque
393 1117 566 1198 pertinent.
600 1117 649 1181 Ne
673 1116 714 1180 de
737 1135 880 1198 persona
902 1117 1034 1198 quidem
1057 1115 1167 1180 omnia
1187 1115 1390 1181 dubitatione
1409 1121 1530 1181 carent.

239 1219 311 1283 Duo
327 1219 414 1283 enim
429 1219 644 1302 Panyassides
667 1219 755 1301 apud
772 1219 908 1284 Suidam
928 1220 1111 1296 traduntur,
1132 1221 1232 1301 poeta
1255 1221 1287 1282 et
1304 1218 1532 1301 philosophus

242 1321 324 1386 inter
347 1341 444 1403 quoS,
474 1341 549 1388 cum
569 1321 738 1402 multiplex
766 1341 805 1386 ac
827 1325 978 1404 suspecta
998 1322 1178 1387 intercedat
1200 1321 1392 1399 similitudo,
1418 1326 1534 1387 tamen

239 1425 419 1488 accuratius
435 1425 469 1488 in
483 1444 554 1488 rem
570 1443 667 1489 nemo
684 1444 830 1505 unquam
846 1425 1019 1505 inquisivit.
1048 1425 1135 1502 Quid
1151 1444 1228 1490 vero
1245 1425 1534 1506 grammaticorum

239 1527 424 1602 coniectura
446 1531 554 1592 ortum
576 1527 627 1604 sit,
650 1527 729 1608 quid
750 1531 919 1592 auctomm
937 1531 1138 1593 vetustorum
1153 1528 1346 1592 testimoniis
1364 1528 1533 1606 traditum,

243 1629 321 1710 quid
342 1630 559 1711 probandum,
583 1630 661 1711 quid
679 1649 747 1694 non
765 1631 816 1706 sit,
840 1630 918 1711 quid
935 1630 1103 1707 incertum,
1126 1651 1166 1695 ea
1182 1631 1292 1695 omnia
1307 1649 1376 1694 non
1393 1631 1533 1695 demon-

240 1735 344 1796 strata
365 1736 454 1810 sunt,
484 1733 543 1797 sed
575 1733 842 1797 demonstranda.
886 1732 1000 1813 Itaque
1021 1732 1055 1796 in
1078 1733 1303 1813 quaestionem
1330 1734 1533 1812 vocabimus

239 1855 451 1918 quaecunque
490 1836 535 1900 ad
570 1835 750 1918 Panyassin
788 1836 961 1917 pertinent.
1017 1836 1113 1901 Sola.
1132 1836 1312 1900 carminum
1349 1837 1535 1918 fragmenta
1643 1905 1644 1912 ,

241 1937 438 2015 omittemus,
458 1957 596 2020 quorum
612 1939 654 2002 ab
675 1938 746 2002 aliis
765 1942 913 2003 accurate
931 1942 1144 2004 tractatorum
1159 1939 1321 2020 rationem
1336 1939 1535 2005 habebimus

240 2060 324 2122 quae
347 2040 479 2122 quidem
500 2040 684 2106 necessaria
704 2041 861 2105 videatur.

325 2143 481 2208 Materiae
503 2146 630 2207 tractan
647 2143 888 2208 daemaximam
909 2147 1036 2226 partem
1053 2145 1173 2210 Suidae
1191 2145 1281 2210 locus
1300 2146 1453 2223 continet,
1477 2147 1536 2228 qui

240 2266 265 2310 s
285 2267 316 2310 ν.
332 2247 481 2318 Πανύασις
504 2249 562 2310 est.
597 2245 704 2324 Quem
726 2246 769 2310 ad
791 2247 1008 2328 supplendum
1030 2253 1086 2312 aut
1109 2248 1334 2330 corrigendum
1357 2269 1431 2313 cum
1452 2249 1536 2314 nihil

243 2349 421 2425 conferant,
450 2369 535 2430 quae
556 2348 823 2413 Pseudoeudocia
845 2350 886 2413 de
908 2349 1107 2432 Panyasside
1136 2352 1226 2430 dicit,
1255 2352 1297 2415 de
1325 2371 1390 2433 quo
1414 2352 1535 2417 Suidas

242 2452 346 2516 multo
364 2451 525 2534 copiosius
541 2455 639 2533 atque
656 2453 835 2516 accuratius
847 2454 1006 2534 exposuit,
1023 2454 1185 2519 Eudociae
1199 2454 1300 2518 verba
1314 2472 1381 2518 non
1393 2453 1536 2536 amplius

241 2555 459 2637 respiciemus.
494 2554 537 2618 Ut
548 2572 614 2618 uno
627 2558 803 2636 conspectu
825 2557 1007 2637 comparari
1025 2557 1161 2638 possint,
1180 2557 1265 2620 inter
1283 2575 1319 2621 se
1336 2556 1536 2638 opponimus

241 2677 326 2739 quae
348 2657 466 2722 Suidas
489 2657 550 2720 fert
573 2677 721 2740 quaeque
744 2658 896 2722 Eudocia.

349 2845 469 2911 Suidas
492 2865 517 2909 S.
540 2866 570 2909 v.
594 2847 751 2917 Πανύασις.
1009 2847 1153 2912 Eudocia
1175 2867 1201 2911 S.
1224 2867 1254 2910 v.
1276 2848 1434 2919 Πανύασις.

285 2967 432 3037 Πανύασις
483 2965 679 3051 Πολυάρχου,
732 2962 861 3052 Ἁλικαρ·
957 2969 1122 3049 Πανύασις,
1160 2968 1358 3054 Πολυάρχου,
1399 2962 1538 3053 εΛλικαρ-

241 3068 378 3143 νασσεός,
413 3069 629 3154 τερατοσκόπος
662 3070 712 3132 καὶ
740 3073 862 3154 ποιητὴς
913 3075 1049 3151 νοισσευς,
1080 3073 1202 3155 ποιητὴς
1232 3071 1312 3135 ἐτοῖν
1342 3073 1391 3134 καὶ
1417 3094 1537 3155 τερατο-

242 3173 337 3250 ἐπῶν,
368 3163 401 3243 ὃς
429 3174 603 3258 σβεσθεῖσαν
630 3174 682 3255 τὴν
711 3176 861 3257 ποιητικὴν
915 3176 1034 3245 σκόπος.
1064 3167 1098 3244 ὃς
1117 3176 1290 3260 σβεσδεῖσοιν
1312 3176 1364 3257 τὴν
1382 3177 1536 3258 ποιητικὴν

242 3276 434 3358 ἐπανήγαγεν.
469 3275 574 3359 Δοῦρις
597 3276 631 3338 δὲ
649 3275 808 3347 Διοκλέους
830 3300 862 3340 τε
914 3279 1091 3361 ἐπανήγαγε.

241 3381 336 3441 παῖδα
358 3377 505 3464 ἀνέγραψε
528 3379 578 3441 καὶ
599 3377 719 3462 Σάμιον·
750 3380 862 3462 ὁμοίως
1045 3369 1049 3376 ’

243 3481 278 3544 δὲ
294 3473 522 3565 καὶἭρόδοτος
541 3479 675 3566 Θούριον.
698 3475 863 3567 Ἱστόρητοι

243 3584 278 3646 δὲ
296 3582 444 3654 Πανύασις
459 3569 626 3665 Ἡροδότου
650 3585 701 3648 τοδ
720 3585 863 3668 ἱστορικοῦ

244 3685 415 3772 ἐξάδελφος.
471 3685 575 3768 γέγονε
614 3688 670 3770 γὰρ
716 3686 864 3758 Πανύασις

243 3788 439 3874 Πολυάρχου,
468 3790 483 3852 ό
512 3791 546 3853 δὲ
568 3783 736 3873 Ἡρόδοτος
758 3790 863 3868 Λύξου,
980 3783 985 3790 ’

242 3891 296 3954 τοῦ
328 3890 508 3978 Πολυάρχου
539 3893 683 3978 ἀδελφοῦ.
727 3894 801 3962 τινὲς
830 3895 864 3958 δὲ

245 3993 280 4058 οὐ
303 3993 413 4078 Adina,
443 3994 520 4058 ἀλλὰ
537 3988 647 4073 Ῥοιώ,
677 3997 728 4078 τὴν
752 3995 865 4079 μητέρα

239 4091 421 4182 Ἡροδότου,
441 4097 625 4169 Ποινυάσιδος
641 4099 774 4183 ἀδελφὴν
793 4098 866 4162 ἱστό-

246 4223 350 4283 ρησαν.
379 4196 417 4262 ‘0
440 4202 475 4264 δὲ
493 4201 642 4271 Πανύασις
663 4200 767 4283 γέγονε
790 4201 866 4264 κατὰ

245 4305 297 4385 τὴν
327 4299 370 4386 οη’
398 4303 573 4385 ὀλυμπιάδα.
617 4304 693 4367 κατὰ
723 4303 757 4368 δέ
789 4326 867 4374 τινας

244 4408 350 4492 πολλῷ
371 4406 577 4494 πρεσβύτερος·
608 4409 658 4471 καὶ
683 4408 739 4491 γὰρ
760 4402 795 4491 ἦν
818 4408 866 4470 ἐπὶ
960 4407 1068 4489 Γέγονε
1078 4408 1212 4490 κατάτὴν
1222 4403 1264 4490 οη’
1277 4407 1454 4490 ὀλυμπιάδα,
1463 4408 1540 4471 κατὰ

246 4511 304 4572 τῶν
337 4508 499 4593 Περσικῶν.
555 4508 707 4595 Ἀνῃρέθη
742 4512 775 4574 δὲ
809 4511 865 4574 ὑπὸ
918 4509 952 4575 δέ
968 4534 1045 4580 τινας
1062 4511 1108 4573 ἐπὶ
1125 4509 1183 4572 τῶν
1201 4507 1361 4593 Περσικῶν.
1386 4507 1539 4595 ’Λνγγρέδη

246 4612 431 4694 Λυγδάμιδος
452 4612 504 4676 τοῦ
521 4613 618 4697 τρίτου
634 4614 866 4698 τυραννήσαντος
919 4613 975 4677 διεδ
991 4613 1175 4694 Λυγδάμιδος
1194 4613 1291 4696 τρίτου
1308 4612 1540 4695 τυραννήσαντος
