3330 5214
687 435 897 500 -21-

231 606 335 670 Locus
358 605 595 672 dubitationem
625 627 779 688 magnam
808 608 919 684 babet,
950 607 1026 688 quia
1048 608 1081 671 in
1109 609 1209 672 verba
1236 609 1340 694 πολλῷ
1370 633 1436 692 πρε-

138 714 285 799 σβύτερος
303 731 342 775 ea
359 730 442 792 quae
461 715 640 792 sequuntur
658 729 725 774 non
748 711 952 787 conveniunt,
976 729 1165 792 quanquam
1187 715 1385 775 conventura
1402 731 1437 773 se

137 815 251 879 verbis
284 817 334 879 καὶ
366 816 422 899 γάρ
456 814 608 878 indicant.
652 813 737 877 Nam
769 815 874 895 γέγονε
908 818 939 878 et
972 802 1006 894 ip
1038 814 1149 891 verba,
1184 833 1257 878 curn
1286 814 1369 877 inter
1402 832 1437 876 se

138 917 380 1000 respondeant,-
408 917 451 980 ad
481 917 621 981 eundem
649 916 765 980 aetatis
795 916 932 997 gradum
954 917 1126 981 referenda
1148 920 1232 981 sunt.
1277 916 1437 980 Numerus

139 1024 256 1085 autem
287 1019 478 1102 olympiadis
509 1021 550 1084 78
582 1019 730 1083 codicum
761 1021 907 1084 omnium
938 1039 1099 1084 consensu
1133 1021 1269 1084 constat.
1325 1020 1437 1100 ltaque

138 1126 274 1188 tantum
290 1122 406 1186 aetatis
424 1123 606 1199 discrimen,
630 1127 788 1203 quantum
807 1122 960 1186 hocloco
983 1123 1110 1187 astricte
1134 1123 1315 1204 composito
1337 1123 1437 1186 verba

138 1229 250 1312 πολλῷ
273 1226 470 1312 πρεσβύτερος
491 1225 668 1305 postulant,
690 1226 798 1290 verbis
820 1228 867 1290 ἐπὶ
889 1229 947 1290 τῶν
970 1227 1121 1310 Περσικῶν
1143 1227 1232 1290 nullo
1254 1226 1354 1290 modo
1377 1226 1437 1289 ad-

138 1330 292 1405 mittitur,
315 1328 461 1410 quamvis
484 1328 578 1392 aliter
600 1328 664 1392 sint
687 1330 729 1392 ab
753 1329 822 1394 aliis
845 1328 1014 1393 intellecta.
1029 1327 1054 1412 ¹)
1098 1329 1132 1393 Si
1155 1329 1242 1393 enirn
1264 1330 1307 1393 ad
1323 1327 1437 1392 Xerxis

140 1431 385 1513 expeditionem
406 1431 598 1508 relenmtur,
621 1450 706 1512 quae
728 1432 761 1495 in
784 1433 825 1495 ol.
845 1432 894 1495 75.
916 1432 937 1493 l·
957 1431 1080 1506 cecidit,
1102 1431 1202 1494 trium
1218 1431 1438 1512 olympiadum

140 1535 318 1600 discrimen
349 1533 494 1610 efficitur,
525 1535 615 1614 quod
644 1535 739 1598 nimis
769 1534 919 1614 exiguum
950 1537 999 1597 est
1027 1553 1126 1614 quam
1153 1538 1189 1598 ut
1211 1535 1311 1598 verbo
1333 1537 1437 1620 πολλῷ

138 1637 354 1718 respondeat.
386 1636 521 1700 Etiamsi
537 1639 647 1700 autem
663 1641 846 1718 propterea,
869 1637 958 1718 quod
979 1637 1138 1700 Eusebius
1154 1637 1244 1700 Arm.
1268 1643 1300 1701 et
1322 1637 1437 1701 Hiero-

139 1759 263 1822 nymus
292 1739 472 1821 Panyassin
502 1739 543 1803 ol.
569 1740 609 1803 72
636 1740 658 1802 4
686 1740 844 1804 illustrem
877 1739 991 1804 haberi
1022 1740 1142 1816 dicunt,
1175 1741 1276 1804 verba
1305 1743 1351 1804 ἐπὶ
1380 1743 1438 1804 τῶν

140 1844 298 1928 Περσικῶν
317 1843 360 1906 ad
378 1862 500 1906 annum
510 1862 639 1924 pugnae
651 1842 874 1907 Marathoniae
890 1844 1081 1920 referuntur,
1103 1862 1190 1924 quae
1206 1843 1247 1906 ol.
1261 1843 1312 1907 72.
1332 1844 1351 1907 3
1369 1843 1438 1920 fuit,

138 1951 259 2012 tamen
287 1946 491 2010 intervallum
520 1946 599 2010 satis
629 1965 783 2026 magnum
812 1966 880 2010 non
909 1944 1061 2022 efficitur,
1091 1948 1321 2026 praeterquam
1350 1947 1439 2027 quod

140 2049 211 2112 hoc
232 2048 303 2112 loco
325 2049 426 2112 verba
446 2051 566 2112 ἐπὶτῶν
584 2049 736 2134 Περσικῶν
759 2049 801 2112 ad
818 2049 896 2112 illud
912 2051 1042 2128 tempus
1060 2047 1307 2128 significandum
1323 2067 1439 2128 pamm

138 2152 318 2234 perspicua
348 2170 387 2215 ac
415 2171 548 2232 prorsus
579 2152 689 2232 inepta
720 2157 803 2215 sunt.
857 2152 971 2231 Neque
1000 2170 1078 2214 vero
1107 2150 1258 2214 universa
1278 2150 1439 2215 bellomm

139 2254 351 2320 Persicorum
373 2258 464 2318 aetas
486 2254 628 2336 intellegi
649 2258 768 2336 potest,
792 2274 865 2318 cnm
887 2254 958 2335 ipse
980 2253 1070 2317 locus
1092 2253 1167 2317 huic
1182 2253 1440 2335 interpretationi

139 2358 266 2422 obstet.
310 2357 395 2421 Nam
424 2361 515 2420 aetas
543 2357 703 2421 bellorum
725 2357 927 2422 Persicorum
957 2359 990 2420 et
1018 2359 1148 2437 tempus
1177 2357 1368 2438 olympiadis
1399 2358 1440 2420 78

139 2463 234 2525 inter
255 2481 290 2525 se
312 2459 434 2542 opponi
455 2462 613 2540 tanquam
631 2461 792 2524 contraria
807 2465 959 2542 tempora
973 2479 1041 2522 non
1056 2463 1203 2541 possunt.
1239 2459 1328 2537 Quas
1345 2459 1440 2540 igitur

140 2563 322 2628 verborum
354 2565 401 2628 ἐπὶ
434 2565 492 2626 τῶν
524 2565 674 2647 Περσικῶν
708 2564 990 2644 interpretationes
1025 2563 1294 2639 enumeravimus
1328 2581 1440 2626 earum

140 2665 240 2731 nulla
261 2666 381 2730 idonea
403 2670 463 2742 est,
487 2685 553 2747 qua
574 2667 664 2730 locus
687 2670 827 2730 sanetur.
861 2667 935 2730 Alia
958 2670 1068 2730 autern
1089 2687 1132 2730 ne
1154 2666 1287 2749 cogitari
1309 2665 1441 2746 quidem

140 2771 212 2834 hoc
241 2769 313 2834 loco
343 2773 461 2849 potest.
507 2769 620 2850 ltaque
650 2788 723 2833 curn
749 2770 886 2832 verbum
915 2772 1030 2855 πολλῷ,
1062 2769 1189 2833 etiamsi
1215 2768 1280 2832 fide
1308 2768 1442 2848 dignum

139 2872 357 2938 iudicandum
392 2873 447 2950 sit,
485 2876 598 2936 tamen
632 2872 810 2936 absurdum
848 2873 1010 2950 videatur,
1050 2872 1157 2937 locum
1195 2872 1303 2953 aliquo
1340 2871 1440 2935 modo

141 2977 363 3057 depravatum
387 2995 458 3039 esse
481 2978 620 3056 oportet.

237 3078 309 3142 Hoc
325 3083 394 3142 tam
411 3078 621 3142 manifestum
644 3081 693 3141 est
714 3082 751 3142 ut
772 3097 832 3160 pro
855 3081 943 3142 certo
966 3078 1080 3142 haberi
1102 3078 1230 3154 debeat,
1254 3095 1442 3157 quanquam

142 3184 285 3261 excepto
314 3199 381 3244 nno
411 3179 578 3265 Rohdio²t
609 3181 715 3244 adhuc
743 3201 840 3245 nemo
868 3181 977 3245 locum
1005 3183 1147 3244 tractans
1178 3180 1221 3243 ad
1250 3178 1335 3242 hanc
1365 3197 1440 3242 sen-

141 3283 287 3348 tentiam
308 3284 464 3364 pervenit.
512 3284 742 3348 Demonstrare
763 3303 850 3360 vero,
881 3303 1025 3366 quonam
1053 3283 1130 3346 vitio
1158 3282 1248 3347 locus
1271 3284 1440 3363 corruptus

142 3387 199 3463 sit,
236 3405 255 3450 a
291 3405 355 3467 quo
394 3386 428 3449 in
456 3387 663 3469 Panyassidis
697 3390 839 3450 aetatem
877 3386 1077 3467 inquirentes
1118 3404 1232 3450 omnes
1273 3384 1442 3449 exordium

142 3493 367 3570 sumpserunt,
397 3507 495 3553 nemo
524 3509 669 3571 unquam
700 3494 835 3553 conatus
858 3493 916 3553 est.
969 3489 1061 3567 Quae
1084 3489 1168 3552 enirn
1192 3488 1341 3551 Rohdius
1362 3507 1440 3569 pro-

141 3593 231 3668 tulit,
255 3592 309 3673 qui
331 3592 401 3674 ipse
422 3612 493 3657 rem
516 3593 649 3656 dubiam
669 3592 873 3668 existimavit,
895 3612 1005 3656 merae
1023 3595 1097 3656 sunt
1116 3591 1328 3656 coniecturae.
1372 3590 1440 3653 Dici

140 3695 245 3777 igitur
272 3695 324 3758 vix
355 3714 436 3777 opus
466 3698 525 3772 est,
555 3695 588 3758 id
615 3695 704 3776 quod
726 3695 890 3758 neminem
912 3694 958 3758 rei
979 3713 1116 3776 gnarum
1139 3695 1279 3776 effugere
1302 3695 1440 3773 poterat,

144 3800 190 3862 de
212 3797 420 3879 Panyassidis
443 3801 550 3862 aetate
573 3799 683 3862 omnia
706 3798 812 3861 adbuc
835 3797 957 3861 incerta
980 3797 1089 3861 fuisse.

145 3948 220 3955 ——-

237 4036 257 4104 1)
284 4037 325 4090 Ad
353 4037 551 4105 expeditionem
574 4037 668 4090 Xerxis
695 4054 727 4091 ea
751 4037 852 4092 rettulit
874 4037 903 4090 Ε.
928 4038 1036 4101 nonde,
1065 4036 1161 4090 Rhein.
1186 4035 1252 4090 Mus.
1272 4035 1318 4099 33,
1345 4051 1371 4101 p.
1390 4033 1440 4086 907

145 4121 253 4191 (Γέγονε
274 4123 303 4176 in
327 4125 379 4177 den
396 4123 578 4192 Biograpbice
600 4124 647 4177 des
665 4122 782 4192 Suidas).
824 4121 864 4176 De
887 4127 1009 4190 tempore
1030 4137 1138 4190 pugnae
1161 4120 1346 4174 Marathoniae
1370 4120 1441 4187 cogi·

144 4211 262 4264 tandum
281 4225 339 4263 esse
357 4210 461 4263 censuit
479 4209 555 4263 Ferd.
569 4209 666 4274 Neela,
685 4209 801 4263 Choerili
819 4224 890 4277 quae
907 4214 1052 4276 supersunt
1068 4225 1094 4276 p.
1112 4209 1151 4260 15.
1179 4207 1258 4260 Hunc
1275 4210 1384 4259 secutus
1401 4211 1442 4258 est

145 4295 176 4349 Ρ.
195 4295 393 4361 Tzscbirnerus,
415 4296 433 4349 l.
456 4313 478 4349 c.
501 4313 526 4364 p.
548 4296 587 4348 16.
627 4295 750 4349 Aetatem
773 4295 906 4348 bellorum
928 4293 1096 4348 Persicorum
1113 4293 1203 4347 verbis
1224 4289 1368 4360 significari
1386 4291 1443 4358 opi-

145 4385 229 4434 natus
246 4384 288 4434 est
304 4380 354 4434 Ad.
368 4381 466 4447 Bauer,
484 4381 618 4434 Herodots
634 4380 797 4448 Biographie
814 4397 841 4448 p.
857 4381 897 4432 14.
925 4379 1002 4446 Quae
1019 4379 1211 4433 commentatio
1229 4383 1257 4432 et
1272 4378 1342 4432 inter
1355 4377 1443 4430 relati·

146 4481 215 4519 ones
224 4466 302 4520 class.
315 4465 379 4534 phil.
390 4483 421 4520 ac
430 4467 492 4520 bist.
503 4467 578 4520 acad.
588 4466 704 4519 Vindob.
719 4468 783 4519 anni
794 4467 860 4520 1878
870 4466 938 4534 (Vol.
949 4467 989 4531 89,
1000 4467 1080 4534 p.391
1089 4464 1160 4534 sqq.)
1172 4470 1198 4518 et
1209 4468 1334 4532 separata
1346 4466 1441 4516 exstat.

234 4550 257 4617 2)
283 4551 301 4604 l.
321 4568 342 4605 c.
362 4568 387 4619 p.
405 4551 464 4609 907.
503 4552 553 4617 „Es
570 4552 606 4605 ist
622 4551 698 4605 nicht
716 4551 846 4619 moglich,
868 4551 896 4604 in
915 4552 1001 4605 dieser
1018 4551 1115 4605 bereits
1134 4567 1164 4604 so
1188 4549 1303 4603 viellach
1321 4549 1368 4602 bin
1386 4548 1443 4601 und

146 4637 197 4690 ber
213 4635 374 4705 gewandten
392 4637 469 4690 Notiz
488 4637 538 4690 alle
556 4637 686 4691 Anstdsse
704 4637 790 4691 durch
808 4636 931 4704 gunstige
948 4636 1105 4705 Auslegung
1122 4653 1154 4689 zu
1172 4634 1340 4702 beseitigen.“
