3330 5214
648 409 862 472 -55-

107 580 215 644 nassei
243 580 285 644 de
314 580 509 662 Panyasside
540 583 572 644 et
601 580 770 645 Herodoto
804 581 989 646 testimonia
1022 581 1162 646 reddens
1193 582 1402 662 pervulgavit.

107 684 143 746 ln
167 683 271 764 ipsam
293 701 371 747 vero
394 682 479 746 hanc
505 686 647 748 aetatem
669 683 860 765 Apollonius
881 683 1142 764 Aphrodisiensis
1170 681 1296 767 cadit.¹)
1341 682 1404 761 Qui

108 806 183 850 cum
204 789 240 850 ut
262 781 370 850 rerum
394 786 581 850 Carinarum
603 785 755 868 scriptor,
778 806 859 868 quas
882 785 1101 867 duodeviginti
1122 785 1292 851 minimum
1313 787 1404 851 libris

106 887 267 966 tractavit,
290 908 342 952 res
364 888 630 954 Halicamasseas
653 890 912 971 praetermittere
941 908 1009 953 non
1036 889 1193 977 potuerit,
1223 891 1333 954 nescio
1363 911 1407 954 an

107 1011 148 1055 ex
178 992 241 1056 hoc
270 995 397 1055 veteres
419 991 602 1068 hauserint,
636 1010 720 1072 quae
750 992 888 1072 scriptor
909 991 1177 1056 Halicarnasseus
1206 992 1273 1070 ille,
1302 1013 1401 1075 quem

107 1094 292 1171 statuimus
316 1095 357 1158 de
378 1094 578 1175 Panyasside
601 1098 633 1159 et
654 1095 824 1160 Herodoto
847 1095 999 1160 narravit.
1043 1095 1161 1176 Aptior
1183 1096 1325 1176 quidem,
1347 1097 1403 1178 qui

107 1197 196 1261 hunc
218 1197 411 1278 scriptorem
433 1197 613 1262 diutissime
636 1198 810 1262 obscurum
838 1217 876 1262 ac
903 1197 1086 1278 neglectum
1114 1197 1235 1262 eruisse
1264 1203 1404 1280 putetur,

106 1301 162 1363 vix
189 1300 361 1381 quisquam
389 1301 521 1381 cogitari
548 1305 657 1382 potest
684 1320 784 1382 quarn
810 1319 919 1364 rerum
942 1300 1128 1366 Caricarum
1158 1301 1294 1382 scriptor
1323 1301 1406 1366 sicut

106 1402 302 1486 Apollonius
324 1403 359 1467 in
381 1403 453 1485 ipsa
476 1403 572 1468 Caria
594 1407 824 1468 commoratus.

196 1506 262 1571 Cur
283 1506 453 1588 Panyassis
483 1506 564 1570 falso
593 1509 662 1570 tam
689 1507 802 1587 procul
824 1525 844 1570 a
866 1524 925 1568 sua
953 1508 1059 1569 aetate
1082 1508 1210 1570 amotus
1232 1506 1282 1584 sit,
1312 1507 1404 1572 utin

105 1609 310 1691 temporibus
331 1608 409 1673 belli
423 1607 689 1689 Peloponnesiaci
711 1611 896 1690 poneretur,
919 1607 1098 1689 disceptare
1113 1609 1259 1673 nondum
1276 1613 1405 1692 tempus

109 1715 169 1776 est.
212 1711 277 1776 Cur
303 1715 413 1776 autem
447 1710 489 1775 ol.
516 1713 557 1776 78
584 1711 703 1776 idonea
730 1711 870 1776 iudicata
896 1711 946 1789 sit,
974 1710 1023 1775 cui
1045 1711 1214 1793 Panyassis
1237 1716 1307 1776 'una
1333 1734 1406 1779 cum

107 1815 260 1879 Choerilo
290 1814 517 1891 ascriberetur,
547 1833 634 1878 nuno
660 1814 867 1878 manifestum
898 1818 955 1878 est.
1000 1814 1037 1878 In
1066 1814 1128 1878 hac
1158 1815 1244 1878 enim
1272 1819 1402 1898 tempus

106 1917 219 1982 natale
235 1917 376 1982 Choerili
398 1921 495 1995 recte,
518 1917 726 1998 Panyassidis
749 1917 832 1981 falso
854 1917 998 1999 positum
1021 1916 1241 1997 cognovimus
1264 1939 1403 2000 quorum

105 2024 245 2102 uterque
264 2024 363 2102 poeta
383 2021 492 2101 epicus
509 2021 578 2084 fuit.
610 2020 704 2084 Unde
723 2039 797 2084 cum
816 2019 1060 2101 synchronismo
1079 2037 1135 2082 eos
1152 2005 1198 2084 ita
1214 2022 1403 2086 coniunctos

107 2143 180 2188 esse
193 2127 351 2205 appareat
362 2126 399 2186 ut
408 2123 616 2205 Panyassidis
628 2126 719 2186 aetas
735 2123 897 2203 incognita
908 2122 951 2186 ad
963 2122 1125 2203 cognitam
1137 2121 1278 2188 Choerili
1289 2125 1402 2206 affige-

106 2229 214 2304 retur,
243 2227 276 2290 id
293 2245 407 2290 *unum
428 2225 588 2306 reliquum
611 2227 660 2290 est
683 2229 718 2288 ut
740 2228 915 2306 quaeratur
937 2245 993 2290 cur
1022 2226 1065 2289 ad
1087 2228 1229 2290 aetatem
1252 2226 1401 2291 Choerili.

106 2330 144 2394 Id
168 2332 279 2393 autem
301 2328 377 2392 inde
400 2332 549 2409 apertum
572 2331 631 2405 est,
655 2327 744 2408 quod
765 2328 799 2392 in
819 2328 1093 2393 necessitudinem
1115 2329 1281 2409 quandam
1295 2330 1401 2412 Pany-

12 2475 13 2496 r
107 2433 197 2497 assin
220 2436 253 2496 et
273 2431 505 2496 Antimachum
527 2431 677 2496 redactos
701 2431 834 2508 scimus,
857 2451 922 2513 quo
945 2432 986 2496 ol.
1011 2433 1053 2495 94
1074 2432 1211 2496 florente
1225 2431 1402 2497 Choerilus

107 2535 201 2600 annis
233 2539 325 2598 tanto
360 2535 505 2615 superior
539 2534 614 2611 fuit,
647 2538 683 2597 ut
713 2534 882 2616 Panyassis
912 2535 1004 2598 annis
1033 2533 1182 2598 Choerilo
1214 2554 1273 2615 par
1301 2535 1403 2600 iactus

107 2637 294 2703 Antimachi
317 2637 468 2718 magister
489 2637 586 2701 fuisse
608 2640 727 2718 posset.
760 2637 934 2702 Dicebatur
956 2638 1041 2702 enim
1062 2636 1274 2701 Antimachus
1295 2638 1403 2721 Pany-
1444 2729 1446 2733 Ι

12 2799 13 2832 3
108 2740 222 2805 assiriis
251 2741 388 2805 auditor.
449 2741 546 2819 Quod
577 2739 798 2803 testimonium
830 2741 918 2805 unde
952 2744 1058 2804 ortum
1092 2741 1147 2815 sit,
1181 2759 1220 2805 eo
1253 2743 1402 2821 apertum

12 2881 13 2886 κ
109 2849 172 2922 est,
213 2844 301 2925 quod
338 2843 425 2908 idem
454 2843 666 2918 Antimachus
705 2844 747 2906 ab
786 2842 854 2906 aliis
886 2842 1090 2924 Panyassidis
1127 2843 1273 2909 minister
1305 2844 1403 2908 fuisse

12 2955 13 2986 ³
109 2948 233 3012 dipitur.
278 2947 354 3011 Sine
376 2946 475 3010 dubio
500 2946 584 3011 enim
601 2945 815 3010 Antimachus
838 2945 982 3009 minister
1002 2945 1035 3008 in
1057 2946 1238 3012 auditorem
1260 2951 1403 3010 mutatus

12 3117 13 3128 ,
109 3055 172 3128 est,
204 3050 327 3132 idquod
348 3068 415 3113 non
437 3048 505 3113 sine
527 3033 593 3112 veri
615 3049 757 3130 quadam
779 3048 885 3129 specie
907 3048 976 3112 fieri
999 3051 1143 3129 poterat,
1171 3069 1245 3113 cum
1267 3049 1403 3114 Stasim-

12 3163 14 3222 i
108 3155 193 3219 broii
223 3153 276 3218 ille
305 3152 402 3216 fuerit
430 3152 567 3217 auditor.
619 3151 658 3214 Et
681 3151 800 3215 indicat
822 3150 941 3216 Suidae
964 3150 1005 3214 de
1028 3151 1090 3214 hac
1120 3171 1155 3215 re
1184 3151 1402 3216 testimonium

108 3258 193 3322 hanc
215 3254 362 3319 mutandi
384 3274 516 3320 causam
537 3255 644 3319 fuisse.
679 3253 821 3318 Minister
843 3257 954 3318 autem
972 3253 1175 3336 Panyassidis
1191 3255 1403 3319 Antimachus

12 3369 13 3386 ¹
109 3358 265 3441 appellen
295 3358 356 3422 nisi
381 3378 440 3439 per
465 3357 638 3421 ludibrium
671 3377 738 3421 non
764 3357 879 3438 potuit.
936 3356 1049 3438 Neque
1078 3356 1234 3421 eiusmodi
1263 3357 1403 3422 ludibrio

110 3462 280 3545 quisquam
303 3481 378 3526 eum
399 3462 521 3525 habere
549 3460 656 3549 potuit
685 3460 745 3523 nisi
774 3459 957 3524 fabularum
984 3459 1119 3541 scriptor
1147 3460 1188 3524 de
1216 3459 1403 3524 Antimachi

12 3575 13 3612 ἐ
110 3565 253 3646 aequalis
280 3582 318 3628 ac
343 3564 440 3628 laude
468 3563 611 3628 florentis
639 3566 709 3627 arte
736 3561 864 3643 poetica
889 3562 1042 3626 iudicans
1095 3562 1157 3641 Qui
1179 3562 1273 3643 igitur
1294 3563 1402 3644 Pany-

12 3725 13 3738 .
110 3669 194 3732 assin
227 3667 269 3731 ol.
299 3668 339 3732 78
373 3670 487 3730 natum
525 3667 687 3744 dixerunt,
727 3665 810 3729 illius
838 3664 973 3728 ludibrii
1014 3665 1208 3730 immeritam
1242 3665 1403 3729 rationem

12 3807 13 3816 .
110 3772 308 3846 habuerunt,
338 3770 426 3850 quod
448 3770 491 3833 ad
512 3768 771 3858 tempusnatale
800 3768 1023 3845 statuendum,
1054 3767 1080 3831 si
1108 3771 1240 3848 praesto
1269 3768 1403 3833 meliora

12 3935 13 3938 ,
110 3874 253 3950 fuissent,
277 3875 362 3936 certe
385 3892 451 3936 non
473 3872 662 3936 arcessitum
686 3874 780 3935 esset.
823 3871 942 3934 Perse
966 3871 1142 3934 enimtam
1164 3871 1321 3935 incertum
1344 3875 1402 3948 est,

12 4019 13 4032 .
110 3980 146 4041 ut
173 3976 240 4040 eius
266 3973 370 4051 ratio,
388 3994 485 4056 quam
512 3975 658 4038 habitam
686 3994 756 4038 esse
779 3973 899 4038 Suidae
926 3973 1148 4037 testimonium
1174 3974 1271 4054 plane
1297 3974 1403 4051 docet,

110 4078 222 4143 haberi
244 4077 376 4141 omnino
400 4097 467 4141 non
488 4077 646 4158 potuerit,
674 4076 733 4140 nisi
757 4077 838 4141 alter
860 4095 949 4140 error
972 4076 1170 4153 accessisset,
1199 4095 1264 4156 quo
1286 4075 1339 4140 ille
1361 4076 1403 4140 de

110 4180 293 4246 Antimachi
315 4180 517 4262 Panyassidis
546 4180 693 4243 auditore
719 4199 813 4244 error
840 4178 1023 4243 confirmari
1045 4178 1216 4242 videretur.
1266 4178 1339 4256 Qua
1362 4178 1403 4241 de

110 4304 155 4358 re,
176 4283 231 4346 ubi
255 4283 296 4347 de
319 4283 446 4346 duobus
468 4282 715 4364 Panyassidibus
738 4281 878 4346 confusis
899 4281 989 4345 locus
1012 4284 1070 4358 est,
1100 4280 1278 4345 accuratius
1301 4280 1401 4344 disse-

197 4437 218 4506 1)
246 4437 278 4490 ci.
299 4436 432 4500 (latichen,
451 4437 484 4491 de
501 4437 640 4504 Stephano
658 4435 720 4504 Byz.
740 4435 802 4490 diss.
822 4435 939 4504 Gotting.
959 4435 1035 4489 1886.
1054 4452 1079 4503 p.
1095 4435 1129 4488 53
1147 4439 1174 4488 et
1192 4434 1326 4490 Susamihl
1343 4434 1360 4486 l.
1379 4450 1416 4487 c.v

110 4541 135 4593 p.
154 4523 216 4588 548,
237 4521 284 4590 qui
302 4538 364 4576 eum
382 4527 445 4575 ante
462 4522 646 4576 Alexandrum
665 4521 862 4590 Polyhistorem
881 4522 925 4587 (=
943 4526 1005 4575 ante
1024 4538 1047 4574 a.
1068 4522 1118 4575 100
1135 4520 1190 4574 iere
1209 4537 1234 4574 a.
1252 4518 1299 4574 Ch.
1318 4518 1357 4587 n.)
1375 4526 1402 4573 et

109 4613 172 4679 post
188 4623 292 4662 annum
310 4608 360 4660 166
379 4613 492 4675 ponunt.
