3330 5214
820 467 1032 529 ,70-

283 637 396 721 dama
427 659 502 703 eum
524 658 592 703 non
617 640 782 707 nominat.
808 640 887 719 quin
913 658 989 701 eum
1010 637 1181 718 Polyarchi
1209 638 1311 702 lilium
1339 639 1440 702 tuisse
1469 642 1502 702 et
1533 639 1576 701 de

283 743 423 807 Hercule
444 762 576 807 mrmen
596 743 764 823 scripsisse
786 742 899 806 addat.
927 761 1013 822 quae
1033 741 1147 804 addita
1168 741 1268 804 rerba
1289 741 1384 804 simul
1405 742 1578 805 doctrinae

284 847 538 910 ostentationem
558 846 701 910 iudicant
724 851 756 910 et
773 844 981 926 Panyaffiidis
1002 843 1248 924 ignobilitatem
1292 844 1322 906 Is
1345 845 1432 908 enim
1454 844 1578 908 situm

283 949 434 1030 ignobilis
460 969 529 1012 non
557 950 686 1026 diisset,
713 949 851 1022 addere,
881 947 971 1028 quod
993 966 1125 1011 mrmen
1146 947 1340 1028 scripsisset,
1362 967 1469 1028 neque
1492 967 1577 1028 opus

285 1057 356 1116 erat
377 1072 484 1133 neque
504 1052 798 1116 accommodatmn

368 1172 462 1235 Alter
482 1173 575 1236 testis
597 1173 735 1236 idoneus
755 1173 898 1236 Avienus
920 1177 981 1248 est,
1003 1173 1111 1252 quarti
1132 1172 1254 1236 saeculi
1274 1176 1382 1253 poeta
1417 1170 1482 1248 Qui
1503 1169 1578 1233 loco

283 1275 327 1338 de
352 1273 551 1356 Panyasside
580 1277 614 1338 in
643 1295 775 1339 carmen
804 1295 900 1339 suum
927 1280 1061 1356 recepto
1089 1276 1159 1356 ipse
1188 1275 1303 1338 nolens
1331 1275 1442 1349 docet,
1477 1293 1580 1354 quam

283 1377 465 1457 irroognitus
505 1379 567 1441 sibi
598 1378 772 1459 Panyassis
812 1379 923 1451 fuerit,
960 1378 1052 1441 cuius
1088 1382 1233 1442 aetatem
1265 1378 1447 1458 longiorem
1480 1377 1579 1440 dicat.

284 1479 391 1559 Supra
406 1481 493 1543 enim
509 1479 683 1564 vidimus2)
699 1482 733 1546 iu
748 1482 835 1545 hunc
852 1501 996 1545 errorem
1010 1479 1152 1544 incidere
1161 1481 1323 1544 Arieuum
1337 1500 1404 1544 non
1420 1480 1581 1562 potuisse,

285 1581 538 1663 siPanyassidis
560 1585 660 1648 vitam
681 1589 889 1665 aetatemque
910 1585 1076 1665 cognitam
1094 1583 1262 1647 habuisset
1278 1603 1417 1664 eumque
1435 1583 1583 1663 legisset.

285 1683 380 1748 Unde
402 1687 489 1748 enim
518 1688 706 1767 sumpserit,
734 1707 820 1768 quae
850 1687 1025 1767 Panyassis
1053 1687 1097 1750 de
1123 1686 1263 1750 Hercule
1297 1686 1447 1750 draconis
1478 1685 1583 1749 inter-

285 1785 407 1850 fectore
428 1793 549 1864 narrat,
571 1789 637 1852 iam
659 1809 758 1870 supra
779 1787 965 1872 diximus.³)

370 1906 445 1970 Non
475 1908 579 1972 multo
606 1914 682 1990 post
710 1910 870 1972 Avienmn
897 1907 1115 1992 hlacrobius³)
1142 1909 1230 1984 rixit,
1257 1909 1347 1974 cuius
1375 1912 1468 1972 aetas
1498 1909 1584 1973 circa

284 2027 408 2072 annum
428 2010 494 2074 400
515 2011 585 2075 fuit.
624 2012 685 2075 Hic
702 2013 818 2076 tertius
835 2013 929 2076 testis
947 2013 990 2076 de
1007 2013 1206 2077 obscuritate
1220 2012 1426 2094 Panyassidis
1444 2013 1583 2089 accedit,

285 2129 384 2191 quem
411 2131 479 2176 non
507 2114 731 2190 nominaverit,
761 2117 840 2196 quin
870 2135 946 2179 eum
974 2117 1138 2197 egregium
1165 2116 1355 2196 scriptorem
1382 2115 1584 2180 Graecorum

285 2212 385 2277 luisse
408 2214 552 2280 adderet.

373 2335 440 2399 Nec
462 2341 578 2418 postea
596 2357 740 2419 unquam
754 2340 927 2420 Panyassis
946 2360 986 2402 ex
1004 2339 1202 2403 obscuritate
1220 2339 1360 2402 emersit.
1390 2339 1427 2401 ln
1446 2338 1584 2403 Stobaei

285 2436 442 2519 florilegio
464 2440 507 2503 ad
528 2440 707 2522 Panyassin
728 2462 796 2506 non
822 2442 896 2522 plus
922 2461 1023 2505 unum
1051 2443 1268 2523 fragmentum
1288 2442 1439 2523 pertinet.
1485 2441 1584 2524 Apud

285 2537 481 2620 Byzantinos
502 2562 580 2607 vero
601 2544 808 2624 posteriores,
835 2545 895 2608 etsi
917 2565 985 2608 non
1008 2545 1137 2620 desunt,
1160 2547 1215 2627 qui
1235 2545 1441 2628 Panyassidis
1464 2545 1583 2609 menti·

285 2659 383 2705 onem
407 2643 536 2722 faciant,
559 2650 670 2710 tamen
692 2648 747 2728 qui
768 2647 802 2711 in
825 2646 893 2710 eius
915 2647 1023 2711 studio
1045 2653 1192 2712 versatus
1215 2649 1266 2726 sit,
1290 2668 1389 2712 nemo
1410 2649 1582 2712 invenitur.

285 2743 334 2808 Ac
356 2745 522 2830 Tzetzes⁴)
546 2767 620 2812 eum
642 2749 725 2813 inter
745 2749 853 2831 epicos
871 2750 1167 2831 praestantissimos
1187 2771 1380 2815 enumerans
1398 2772 1441 2815 ne
1460 2771 1583 2815 nomen

285 2845 421 2926 quidem
441 2854 529 2914 recte
552 2851 621 2927 scit,
644 2852 733 2932 quod
755 2852 917 2933 scripserit
939 2851 1072 2925 [livoris.

375 3103 397 3173 ¹)
423 3107 455 3160 X.
474 3107 499 3160 8.
522 3109 549 3161 5.
578 3107 707 3169 Πανύασις
724 3109 751 3161 δὲ
770 3107 923 3180 Πολυάρχου
940 3115 1090 3181 πεποιηκὼς
1108 3108 1279 3183 ἐςἯραιλέα
1298 3113 1346 3181 ἔπη
1365 3111 1492 3181 θυγατέρα
1506 3107 1582 3182 Ἀχε-

289 3189 359 3261 λῴου
377 3194 425 3260 τὴν
443 3188 593 3246 Κασταλίαν
611 3196 687 3264 φησὶν
707 3193 779 3248 εἶναι.

374 3283 623 3356 ημηῶι

372 3379 396 3448 3)
423 3383 530 3436 Satura.
549 3383 580 3436 V.
599 3384 646 3446 2¹3
665 3384 738 3452 apud
755 3383 890 3437 Tzschirn
909 3385 958 3454 lrg.
977 3387 1001 3439 8.
1020 3403 1045 3439 r.
1065 3387 1107 3440 45.
1122 3388 1165 3439 46.
1194 3387 1311 3451 ,Poculo
1330 3392 1422 3441 autem
1439 3386 1580 3441 Herculem

288 3471 394 3520 vectum
427 3468 461 3520 ad
485 3465 623 3537 'Epidires
649 3469 796 3537 Hispaniae
827 3471 944 3524 insulam
970 3473 1113 3540 nauigasse
1140 3477 1167 3526 et
1193 3472 1318 3526 Pimastis
1350 3473 1393 3541 (=
1418 3473 1579 3543 Panyassis),

287 3551 410 3619 egregius
433 3553 548 3621 scriptor
572 3555 748 3620 Graecorum,
776 3562 803 3610 et
825 3558 992 3626 Pherecydes
1016 3563 1187 3622 auctorest,
1214 3575 1330 3627 quorum
1359 3560 1441 3613 verba
1466 3559 1579 3613 subdere

291 3638 435 3704 supersedi,
454 3640 518 3706 quia
536 3641 678 3708 propriora
696 3647 760 3694 sunt
777 3642 886 3696 fabulae
904 3661 988 3712 quarn
1005 3644 1156 3697 historiae‘

374 3723 442 3790 Quis
459 3725 510 3778 sub
529 3731 655 3794 corrupto
673 3726 798 3781 Pimastis
815 3729 926 3782 nomine
942 3729 1037 3795 lateat,
1055 3729 1213 3784 Athenaeus
1229 3729 1279 3783 XI.
1296 3747 1323 3799 p.
1336 3731 1421 3784 4691)
1444 3730 1520 3784 nobis
1538 3729 1579 3782 in·

288 3807 373 3873 dicat,
396 3808 443 3863 ubi
465 3810 590 3879 legimus:
616 3810 742 3873 Πανύασις
766 3812 787 3865 δ’
811 3812 838 3864 ἐν
863 3815 958 3886 πρώτῳ
972 3812 1128 3884 Ἡρακλείας
1149 3817 1219 3887 παρὰ
1244 3813 1355 3886 Νηρέως
1380 3818 1443 3886 φησὶ
1464 3818 1508 3884 τὴν
1531 3815 1578 3866 τοῦ

283 3889 376 3947 ‘Hlloo
394 3894 489 3965 φίαλην
514 3897 668 3963 κομίσασθαι
691 3898 735 3950 τὸν
750 3896 883 3966 Ἡρακλέα
906 3901 950 3952 καὶ
969 3901 1116 3954 διαπλεῦσαι
1139 3902 1174 3960 εἰς
1189 3899 1336 3972 Ἐρύθειαν.
1372 3903 1510 3957 correctus
1533 3901 1577 3954 hic

291 3995 364 4034 error
382 3979 436 4035 iam
455 3983 527 4050 apud
545 3982 679 4036 Tzschirn.
697 4001 723 4052 p.
741 3985 777 4038 le
795 3990 891 4039 exstat.

375 4065 427 4133 Qui
450 4067 624 4136 Panyassidis
647 4071 751 4123 nomini
774 4071 857 4124 verba
880 4072 1002 4140 egregius
1024 4073 1138 4140 scriptor
1160 4073 1324 4128 Graecorum
1347 4074 1461 4139 addidit,
1488 4075 1520 4128 ab
1543 4088 1576 4125 eo

290 4167 390 4206 nornen
408 4157 480 4208 recte
502 4155 631 4221 scriptum
657 4170 716 4208 esse
733 4161 851 4223 oportet3
878 4174 943 4210 narn
962 4158 1110 4226 depravato
1134 4159 1258 4213 Pimastis
1281 4161 1385 4214 nomini
1406 4161 1475 4214 haec
1496 4159 1577 4212 rerba

287 4252 368 4292 nono
387 4239 484 4293 addere
502 4239 590 4308 potuit
606 4239 658 4294 nisi
676 4239 721 4308 qui
739 4241 866 4294 mentitus
884 4247 932 4296 est.
965 4242 1095 4297 Macrobii
1111 4243 1191 4311 igitur
1209 4245 1289 4312 culpa
1305 4262 1408 4300 nomen
1424 4249 1577 4313 corruptum

330 4340 347 4377 e
373 4341 429 4378 non
456 4325 567 4391 ridetur,
595 4325 642 4378 sed
669 4325 705 4378 ab
728 4326 819 4394 aliquo
842 4332 889 4381 aut
915 4329 1062 4396 posteriore
1089 4333 1136 4382 aut
1161 4330 1306 4397 superiore.
1351 4333 1463 4386 Etiamsi
1488 4334 1577 4384 autem

334 4411 441 4464 crebius
459 4426 560 4464 nornen
578 4411 612 4464 ab
632 4415 742 4464 auctore
759 4428 809 4465 suo
829 4420 986 4481 corruptum
1004 4415 1148 4482 acceperit,
1173 4421 1266 4469 tamen
1289 4416 1365 4471 locus
1387 4418 1470 4471 nihilo
1487 4415 1575 4470 minus

334 4499 381 4558 zet,
401 4510 483 4562 quam
501 4495 609 4562 ignotus
627 4499 686 4549 tum
704 4496 846 4564 Panyassis
865 4499 955 4566 fuerit,
975 4500 1050 4553 cuius
1068 4516 1179 4565 nornen,
1205 4501 1253 4554 ubi
1271 4503 1304 4555 de
1321 4503 1435 4557 Hercule
1452 4519 1492 4557 res
1510 4503 1575 4563 erat,

334 4583 445 4646 ruptum
470 4577 554 4647 accipi
577 4596 594 4632 a
612 4579 687 4634 nullo
705 4586 811 4648 poterat
828 4583 879 4636 nisi
898 4585 944 4652 qui
961 4584 1110 4654 Panyassin
1127 4586 1249 4640 Herculis
1268 4593 1409 4643 cantorem
1426 4587 1574 4656 ignorabat.

375 4661 399 4728 ⁴)
427 4661 542 4727 Cramer,
560 4663 662 4718 Anecd.
682 4665 724 4719 Gr.
743 4667 789 4720 III.
807 4683 832 4734 p.
851 4669 910 4722 alo.
931 4672 952 4723 1.
