3330 5214
819 413 1031 476 „qq-

364 584 474 650 Primo
497 585 632 649 dubium
653 585 796 662 videtur,
826 605 868 649 an
898 584 1133 666 synchronismi
1159 605 1259 650 causa
1288 585 1319 648 ei
1340 585 1503 666 ascriptus
1523 587 1570 661 sit,

280 709 364 770 quae
385 687 542 770 Rohdii1)
566 687 676 769 opinio
699 691 758 752 est.
802 687 869 752 Sed
891 687 1073 769 complures
1095 687 1139 750 ob
1161 707 1276 750 causas
1298 706 1340 750 ea
1361 688 1472 769 opinio
1495 708 1569 770 pro-

279 793 350 856 bari
380 810 447 856 non
473 794 592 872 potest
636 791 753 872 Ecquis
782 791 868 854 enim
895 791 929 854 111
958 790 1143 871 aequalium
1172 809 1310 855 numero
1332 790 1409 867 fuit,
1431 810 1570 871 quocum

279 893 449 976 Panyassis
467 893 511 956 illi
526 913 614 958 anno
630 894 681 958 rel
699 893 874 975 olympiadi
890 893 1058 974 ascriptus,
1079 897 1116 957 ut
1133 893 1313 974 aequalitas
1329 893 1569 973 significaretur,

280 997 429 1078 coniungi
458 997 622 1077 potuerit?
665 997 734 1060 Nisi
754 995 865 1078 Pigres
892 1015 990 1060 nemo
1015 997 1124 1077 epicus
1150 999 1222 1060 tum
1243 995 1304 1060 fuit
1326 996 1481 1076 aequalis.
1526 997 1570 1059 Ae

244 1089 247 1095 ’
278 1099 388 1181 Pigres
403 1097 480 1180 quin
495 1099 688 1164 Artemisiae
703 1101 805 1164 irater
823 1099 998 1181 olympiadi
1016 1100 1058 1164 75
1075 1099 1154 1163 item
1172 1119 1211 1162 ac
1225 1098 1398 1180 Panyassis
1416 1099 1570 1181 asclipius

278 1203 329 1280 sit,
351 1221 450 1267 nemo
473 1201 644 1267 dubitabit.
677 1201 810 1266 Etiamsi
832 1204 942 1266 autem
963 1202 1084 1266 florens
1106 1201 1233 1266 diverso
1255 1202 1394 1283 tempori
1417 1202 1570 1284 ascriptus

279 1309 364 1370 esset
386 1325 425 1370 ac
445 1305 626 1386 Panyassis,
648 1309 760 1370 tamen
781 1303 1024 1386 synchronismo
1047 1323 1103 1369 eos
1124 1323 1222 1368 nemo
1245 1305 1473 1382 coniunxisset,
1497 1305 1570 1386 quin

279 1407 408 1490 Pigram
431 1409 604 1472 obscurum
626 1407 815 1490 Panyassidi
837 1407 924 1471 claro
947 1406 1224 1483 accommodaret,
1246 1407 1301 1488 qui
1323 1407 1365 1470 ol.
1390 1408 1432 1472 75
1454 1407 1568 1471 floruit.

277 1511 392 1592 Neque
425 1530 510 1598 vero¹
531 1511 688 1594 olympias
712 1511 752 1575 77
782 1514 815 1575 01
844 1529 928 1591 quae
958 1508 1042 1574 circa
1069 1529 1141 1574 eam
1169 1515 1244 1574 sunt
1270 1510 1411 1575 idoneae
1433 1511 1569 1587 iuenmt,

279 1613 395 1696 quibus
414 1613 557 1695 aequalis
573 1614 642 1678 viee
659 1613 830 1696 Panyassis
850 1612 1105 1694 coniungeretur.
1138 1612 1315 1677 Nobilitate
1333 1614 1419 1678 enim
1435 1619 1505 1678 tam
1523 1613 1570 1676 in-

278 1717 393 1798 signes,
415 1719 452 1780 ut
474 1735 548 1780 cum
570 1716 753 1798 olympiade
777 1717 817 1780 75
839 1716 890 1780 vel
912 1716 953 1780 87
972 1715 1024 1779 vel
1045 1714 1201 1780 similibus
1223 1717 1357 1797 aequari
1370 1721 1516 1798 possent,
1540 1717 1570 1779 in

277 1824 462 1902 temporum
480 1819 606 1884 ratione
624 1839 692 1884 non
710 1820 851 1884 luerunt.
883 1819 997 1900 Neque
1012 1823 1083 1882 tum
1101 1817 1219 1894 floruit,
1239 1838 1381 1900 quocum
1395 1819 1570 1902 Panyassin

278 1924 449 2006 aequalem
471 1922 621 2005 coniungi
642 1922 785 2005 potuisse
806 1923 954 1987 sciamus.
993 1922 1043 1986 lta
1063 1941 1142 1985 vero
1163 1921 1317 2002 aequales
1339 1921 1570 2004 synchronismi

279 2046 378 2092 causa
406 2027 490 2091 inter
511 2046 547 2091 se
571 2025 760 2090 coniunctos
782 2045 867 2103 esse,
897 2029 935 2090 ut
962 2025 1051 2090 nullo
1073 2025 1211 2090 florente
1233 2026 1373 2107 tempori
1396 2024 1571 2090 obscuriori

278 2130 525 2207 ascriberentur,
547 2149 644 2194 nemo
669 2127 728 2192 erit
746 2129 799 2210 qui
823 2129 943 2193 credat.

364 2232 466 2296 Immo
494 2231 548 2314 qui
575 2231 753 2313 Panyassin
776 2233 810 2297 in
832 2232 874 2296 01.
894 2233 935 2297 75
956 2234 1145 2314 0030310111,
1173 2230 1306 2294 eosdem
1327 2231 1570 2312 significaturos,

278 2335 333 2418 qui
348 2335 536 2416 Panyassidi
552 2336 690 2400 inissent
709 2336 871 2417 aequales,
890 2335 979 2398 nulla
994 2334 1059 2399 3113
1077 2335 1261 2418 olympiade
1277 2334 1337 2399 nisi
1351 2335 1391 2398 75
1409 2353 1486 2397 usos
1504 2352 1571 2397 esse

277 2458 337 2521 pro
361 2443 448 2503 certo
472 2439 594 2503 habere
615 2438 698 2503 licet.
742 2438 846 2519 Ipsius
868 2437 962 2520 igitur
983 2439 1029 2502 rei
1050 2441 1168 2502 natura
1190 2459 1229 2502 ac
1250 2438 1333 2502 ratio
1355 2436 1514 2519 postulat,
1537 2439 1570 2498 ut

277 2541 457 2625 Panyassin
486 2542 527 2606 01.
560 2542 611 2606 77.
639 2542 661 2605 4
690 2541 923 2624 synchronismi
943 2561 1051 2606 ¹eausa
1083 2541 1199 2605 ascribi
1230 2540 1375 2623 potuisse
1406 2558 1570 2621 negemus.

277 2645 402 2728 Insigne
436 2665 512 2710 vero
543 2645 606 2709 hoc
634 2648 763 2726 tempus
790 2645 824 2709 111
850 2643 1055 2727 Panyassidis
1080 2644 1148 2708 vita
1175 2644 1242 2708 ulla
1270 2665 1306 2708 re
1332 2644 1430 2707 fuisse
1451 2643 1571 2724 proba·

276 2749 341 2813 bile
368 2768 436 2813 non
466 2752 525 2812 est.
569 2748 653 2812 Nam
682 2746 709 2811 si
738 2746 861 2829 insigne
887 2747 1014 2824 fuisset,
1045 2747 1108 2812 3113
1137 2749 1238 2839 verba
1266 2748 1447 2829 legeremus
1473 2749 1570 2826 atque

281 2854 454 2937 ἐγνωρίζετο
487 2849 594 2934 (Sync.
625 2871 657 2931 p.
680 2851 754 2915 477.
777 2850 811 2936 4)
843 2855 875 2914 et
903 2849 1031 2914 illustris
1059 2850 1199 2914 habetur
1229 2849 1456 2934 (Hieronymi,
1487 2867 1570 2929 quae

279 2955 380 3019 verba
401 2953 480 3018 nihil
503 2953 642 3035 amplius
663 2953 723 3017 nisi
740 2957 882 3018 aetatem
900 2951 1089 3033 significant.
1123 2953 1294 3034 Panyassis
1313 2957 1423 3017 autem
1442 2951 1569 3026 florem,

279 3056 332 3140 qui
364 3057 405 3121 ol.
439 3059 479 3122 75
508 3057 667 3138 ascriptus
696 3057 751 3134 sit,
788 3057 829 3120 01.
860 3056 911 3121 77.
938 3057 960 3120 4
989 3055 1104 3120 ascribi
1133 3075 1201 3120 11011
1227 3059 1372 3137 poterat,
1403 3055 1482 3136 quin
1510 3054 1571 3117 hoc

278 3159 498 3226 testimonium
526 3179 599 3224 cum
629 3159 683 3222 1110
709 3178 855 3240 pugnare
870 3158 1049 3225 videretur.
1093 3159 1143 3222 Ac
1164 3159 1383 3224 dubitandum
1405 3163 1470 3235 est,
1493 3176 1571 3222 num

278 3267 403 3328 veteres
426 3264 467 3328 de
481 3260 688 3345 Panyassidis
706 3261 857 3326 vitatam
876 3262 979 3326 multa
996 3266 1163 3344 comperta
1178 3262 1361 3330 habuerint.
1383 3265 1420 3325 ut
1437 3261 1571 3326 scientes

278 3365 310 3429 in
334 3366 401 3430 eius
421 3365 485 3430 vita
505 3384 584 3441 esse,
605 3364 694 3446 quod
713 3365 756 3430 ad
775 3365 817 3428 01.
836 3365 887 3429 77.
907 3365 929 3428 4
947 3364 1133 3445 pertineret,
1150 3368 1263 3430 tamen
1282 3365 1381 3430 0175
1399 3366 1570 3429 florentem

279 3468 488 3533 ascriberent.
1278 3520 1280 3522 .

366 3569 490 3649 Quodsi
511 3570 682 3652 Panyassis
705 3570 746 3634 01.
771 3571 823 3634 77.
847 3571 868 3634 4
893 3571 975 3635 falso
999 3569 1157 3650 ascriptus
1180 3574 1244 3647 est,
1275 3571 1404 3636 cuinam
1433 3569 1570 3652 tempori

278 3673 338 3738 fuit
360 3674 589 3738 ascribendus?
633 3673 681 3737 De
707 3673 769 3737 hac
791 3693 826 3737 re
848 3693 966 3754 magna
994 3672 1152 3737 dubitatio
1180 3673 1244 3738 iam
1272 3693 1339 3737 non
1360 3678 1471 3755 potest
1493 3692 1570 3748 esse,

279 3775 433 3858 quoniam
464 3774 533 3839 eius
566 3777 681 3840 florem
712 3777 753 3840 ol.
783 3777 823 3840 75
852 3777 1026 3856 ascriptum
1061 3794 1131 3840 esse
1165 3780 1288 3840 certum
1318 3780 1376 3840 est.
1428 3776 1570 3840 Vidimus

280 3879 366 3944 enim
395 3880 439 3943 ad
466 3878 550 3944 hanc
578 3879 735 3944 rationem
760 3877 1350 3960 7013111113011100010111300110310111
1379 3899 1450 3944 esse
1473 3898 1569 3961 opor·

278 3985 357 4059 tere,
381 3983 470 4064 quod
491 3981 523 4046 in
545 3982 659 4046 tabula
673 3982 801 4046 videtur
816 3981 921 4063 spatio
939 3980 1108 4045 deficiente
1124 3982 1166 4046 ab
1185 3982 1226 4046 01.
1247 3983 1297 4046 75.
1318 3983 1344 4045 1.
1367 3982 1401 4045 111
1424 3981 1571 4046 01774

279 4087 439 4149 1311101001
463 4104 542 4149 esse.
586 4085 670 4150 Nam
701 4085 845 4166 saepiae,
876 4104 960 4165 quae
983 4084 1024 4147 01.
1050 4085 1090 4148 75
1113 4085 1228 4148 ascribi
1259 4085 1455 4162 debuerunt,
1486 4084 1570 4148 falso

278 4187 417 4272 tempori
439 4188 491 4252 vel
511 4187 668 4271 superiori
689 4188 741 4251 vel
763 4187 904 4251 inferiori
926 4187 1066 4268 ascripta
1087 4190 1171 4251 sunt.
1212 4189 1260 4252 Ac
1282 4191 1350 4252 13111
1374 4188 1476 4251 multa
1498 4185 1571 4250 huic

280 4291 451 4373 olympiadi
475 4291 667 4356 ascribenda
690 4293 796 4367 erant,
824 4292 860 4352 ut
887 4290 1026 4371 spatium
1053 4292 1146 4356 facile
1169 4292 1307 4356 deficere
1329 4293 1448 4373 posset.
1494 4289 1571 4354 Sine

278 4395 344 4459 0113
366 4393 461 4476 igitur
476 4393 611 4458 audacia
631 4394 687 4456 aut
702 4391 854 4456 violentia
868 4392 1045 4474 Panyassin
1063 4395 1104 4458 ol.
1124 4395 1174 4459 77.
1191 4395 1213 4458 4
1229 4394 1402 4475 ascriptum
1421 4393 1462 4457 ol.
1482 4394 1533 4457 75.
1554 4395 1567 4453 1

369 4617 388 4684 ¹)
415 4617 431 4672 1,
452 4632 474 4670 0.
494 4633 520 4685 p.
539 4617 591 4672 708
610 4622 702 4670 annot.
