3330 5214
608 414 820 477 ..77-„

55 605 143 666 pres
177 585 377 662 nominatur,
412 585 501 666 quod
534 585 624 667 apud
657 585 797 650 eundem
830 585 947 649 artium
981 585 1188 667 mysticarum
1222 586 1359 650 studiosi

5 687 6 708 l
57 707 185 752 omnes
215 688 276 752 hoc
303 689 433 753 nomine
464 686 822 770 comprehenduntur.¹)
874 687 972 752 Cuius
998 706 1077 752 usus
1108 707 1206 752 causa
1232 689 1359 753 videtur

56 790 117 853 illa
132 789 245 866 fuisse,
257 791 345 872 quod
356 791 443 873 apud
455 791 576 856 Suidae
590 793 756 855 auctorem
766 789 825 854 viri
838 789 977 854 illustres
988 790 1167 872 generatim
1181 792 1360 856 enumerati

5 947 6 958 ,
57 893 180 975 illique
196 893 408 974 superstitiosi
425 893 695 974 philosophorum
713 893 823 974 generi
842 892 987 957 attributi
1007 892 1123 978 suntl)
1151 893 1359 960 Somniorum

57 999 166 1075 liber,
202 1016 297 1078 quem
326 997 497 1078 Panyassis
531 996 673 1077 scripsit,
708 1016 727 1059 a
760 995 961 1060 somniorum
991 997 1221 1079 interpretibus
1250 1001 1360 1081 magni

59 1101 261 1166 aestimatus
290 1097 383 1182 est.³)
444 1099 546 1164 Prusa
583 1118 626 1164 an
669 1099 814 1162 versibus
846 1099 983 1181 scriptus
1012 1099 1124 1176 fuerit,
1160 1101 1359 1186 incertumst)

63 1202 212 1284 Scripsit
233 1221 306 1266 eum
327 1202 445 1266 Dioclis
468 1201 562 1278 filius,
585 1200 864 1277 Halicarnasseus,
886 1220 954 1265 non
976 1201 1145 1287 Samius.⁵)

158 1305 362 1387 Panyassidis
382 1305 464 1386 epici
481 1324 611 1368 carmen
625 1302 738 1370 Ἰωνικά
750 1304 940 1386 inscriptum
956 1305 1216 1370 commenticium
1234 1307 1361 1372 videtur

59 1429 178 1490 neque
196 1407 295 1472 ullum
311 1426 456 1489 unquam
475 1406 582 1471 fuisse.
617 1407 651 1472 Si
667 1408 737 1484 fuit,
756 1408 939 1488 neglectum
957 1411 1015 1472 est.
1049 1408 1137 1473 Inter
1154 1409 1361 1491 Panyassidis

60 1513 254 1593 fragmenta
272 1513 320 1591 est
336 1509 426 1587 nihil,
450 1510 538 1590 quod
555 1509 668 1574 referri
684 1510 727 1574 ad
748 1510 782 1573 id
802 1507 960 1594 debeam)
991 1509 1069 1575 Sola
1090 1511 1186 1592 igitur
1203 1512 1361 1577 Heraclea

60 1612 245 1695 Panyassis
263 1616 381 1694 poetae
403 1613 512 1693 magni
534 1613 657 1677 famam
680 1613 818 1695 adeptus
836 1616 895 1676 est.
929 1612 1027 1678 Cuius
1050 1615 1211 1692 carminis,
1235 1616 1262 1679 si
1283 1635 1361 1680 usus

64 1718 184 1783 famae
202 1715 431 1797 respondisset,
455 1715 558 1805 multo
574 1715 669 1796 plura
687 1715 871 1796 fragmenta
888 1714 1091 1799 exstarent.⁷)
1124 1717 1260 1783 Materia
1278 1738 1361 1799 quo-

60 1819 172 1884 modo
189 1818 222 1882 in
241 1838 278 1882 eo
297 1817 468 1883 distributa
484 1817 589 1896 fuerit,
605 1837 721 1898 parum
738 1815 905 1902 constat.⁸)
938 1819 991 1882 Ad
1007 1822 1111 1884 artem
1127 1820 1217 1901 quod
1235 1822 1361 1899 attinet,

61 1923 244 2005 Panyassis
258 1922 291 1986 in
301 1921 488 2004 fragmentis
505 1921 639 1986 servatis
654 1924 788 2002 poetam
802 1923 984 2003 sepraebet
997 1922 1124 1987 facilem
1137 1927 1168 1987 et
1180 1923 1362 2006 elegantem

62 2032 171 2108 atque
185 2025 322 2090 eundem
334 2022 592 2108 arteficiosum.⁹)
613 2023 638 2086 Ε
649 2027 795 2087 veterum
806 2024 933 2102 iudicio,
946 2026 1034 2107 quod
1046 2025 1151 2090 solum
1163 2027 1253 2108 sequi
1266 2027 1361 2091 debe·

65 2149 157 2206 mus,
174 2127 385 2210 inaequabilis
397 2126 570 2208 eloquendi
581 2145 699 2207 genere
711 2127 808 2191 fuisse
820 2127 983 2207 putandus
996 2130 1054 2206 est,
1066 2129 1154 2210 quod
1167 2149 1206 2194 ex
1217 2130 1361 2194 Hesiodo

65 2236 101 2298 et
113 2230 311 2296 Antimacho
325 2231 462 2296 mixtum
480 2228 662 2313 dicatur.¹⁰)
686 2230 806 2293 Verum
823 2230 911 2311 quod
931 2250 1061 2296 carmen
1078 2232 1179 2312 magis
1197 2232 1362 2313 magisque

63 2333 254 2416 neglectum
268 2336 326 2409 est,
338 2352 405 2397 non
418 2332 488 2397 sola
498 2332 581 2396 haec
592 2350 691 2396 causa
701 2331 771 2409 fuit,
784 2332 842 2396 sed
854 2333 952 2396 etiam
966 2334 1102 2398 materia
1114 2335 1155 2398 ab
1170 2334 1241 2399 aliis
1254 2335 1363 2398 multis

64 2438 213 2503 tractata
231 2441 262 2500 et
280 2436 321 2500 de
345 2435 494 2501 carminis
516 2434 687 2500 virtutibus
705 2435 913 2500 aestimandis
931 2437 1218 2522 grammaticorum
1238 2438 1362 2502 dissen-

64 2537 181 2620 sio.¹¹)'
212 2538 379 2620 Dionysius
391 2557 505 2602 eorum
523 2540 581 2615 est,
593 2536 648 2618 qui
659 2537 847 2619 Panyassidi
863 2537 946 2603 inter
959 2539 1066 2622 epicos
1084 2542 1126 2604 ab
1138 2540 1364 2604 Alexandrinis

66 2642 217 2706 delectos
228 2641 366 2705 alterum
380 2640 487 2704 locum
499 2639 668 2704 dederunt.
693 2640 878 2718 Quintiliani
894 2660 933 2705 ex
946 2641 1073 2719 iudicio,
1085 2662 1159 2707 cum
1170 2643 1363 2707 Antimacho

69 2749 106 2810 et
129 2743 273 2808 Hesiodo
295 2745 519 2825 postponatur,
573 2742 743 2824 Panyassis
764 2743 872 2808 locum
895 2747 1046 2825 quartum
1067 2749 1178 2810 tenere
1200 2745 1364 2826 putandus

69 2843 182 2929 est.¹²)
204 2845 295 2923 Quae
305 2845 474 2928 Dionysius
489 2849 521 2910 et
532 2844 747 2922 Quintilianus
759 2845 800 2910 de
811 2846 1015 2928 Panyassidis
1031 2851 1150 2928 poetae
1166 2849 1364 2930 proprietate

67 2951 228 3027 referunt,
249 2950 293 3013 ad
315 2950 440 3014 iontem
462 2967 668 3012 communem
691 2948 838 3026 redeunt,
861 2969 944 3032 quae
967 2951 1054 3033 apud
1077 2971 1133 3016 eos
1149 2952 1192 3015 ad
1211 2951 1278 3016 eius
1301 2952 1364 3017 vir-

67 3057 161 3118 tutes
194 3052 412 3117 aestimandas
444 3051 617 3133 pertinent,
651 3071 717 3115 non
752 3050 888 3129 item.¹³)
930 3053 1166 3119 Auctoritatem
1193 3054 1365 3136 Panyassis

67 3157 189 3220 nactus
217 3159 265 3220 est
295 3155 460 3238 aliquanto
491 3155 621 3219 demum
644 3157 719 3234 post
742 3153 938 3239 mortem.¹⁴)
994 3156 1135 3222 Choerili
1158 3156 1244 3221 enim
1266 3157 1366 3222 Samii

69 3258 175 3323 aetati
191 3257 274 3322 falso
291 3258 421 3324 attribui
439 3256 532 3322 aliter
547 3277 615 3322 non
631 3257 746 3339 potuit.
776 3258 805 3321 Is
822 3257 929 3340 potius
944 3258 1146 3324 adversarius
1164 3259 1230 3324 eius
1248 3261 1367 3324 exstitit

69 3381 177 3443 quam
209 3365 357 3427 sectator.
408 3361 455 3424 Ac
490 3359 666 3424 diutissime
700 3358 729 3424 ei
761 3359 993 3442 impedimento
1026 3361 1096 3439 fuit,
1130 3363 1301 3444 quominus
1335 3363 1367 3427 in

73 3463 217 3546 gratiam
248 3463 429 3547 veniret.¹⁵)
484 3464 532 3527 Ex
568 3462 753 3526 Antimachi
792 3464 902 3526 autem
939 3455 1157 3546 temporibus,
1197 3464 1251 3548 qui
1293 3458 1367 3529 eum

74 3568 245 3648 exemplar
266 3567 325 3630 sibi
347 3567 525 3650 proposuit,
547 3585 650 3647 usque
673 3565 716 3629 ad
738 3563 970 3642 Quintilianum
992 3567 1059 3631 fere
1081 3567 1178 3632 laude
1201 3565 1367 3653 ssoruit.¹⁶)

70 3671 196 3735 Postea
218 3670 320 3752 magis
341 3669 506 3752 magisque
528 3668 665 3750 neglecti
688 3670 719 3731 et
737 3667 898 3732 oblivione
916 3669 1022 3733 obruti
1038 3669 1104 3734 iam
1121 3670 1224 3736 altero
1242 3691 1274 3753 p.
1292 3671 1366 3735 Chr.

71 3770 206 3838 saeculo
225 3773 382 3838 memoria
397 3775 568 3862 tantopere
584 3770 755 3836 obliterata
771 3770 830 3834 fuit
845 3773 881 3833 ut
896 3771 1019 3835 nomini
1038 3772 1106 3836 eius
1125 3773 1256 3850 addere,
1280 3774 1368 3854 quod

73 3894 209 3940 carmen
220 3875 408 3956 scripsisset,
419 3895 486 3940 non
497 3874 607 3942 inutile
618 3873 790 3939 videretur.
814 3873 921 3955 Atque
932 3874 1005 3939 inde
1022 3875 1179 3940 obscurus
1192 3875 1368 3955 mansit.¹⁷)

164 3975 256 4053 Quae
279 3977 320 4042 de
343 3989 382 4042 eo
406 3978 524 4043 Suidas
545 3977 661 4055 tradit,
685 3977 728 4042 ad
751 3976 923 4057 scriptores
946 3977 1028 4040 duos
1051 3978 1202 4055 redeunt,
1230 3999 1369 4060 quorum

5 4099 6 4132 r
74 4080 161 4145 alter
181 4099 283 4144 unum
304 4080 481 4164 Panyassin
507 4079 639 4146 tradidit
665 4079 793 4162 epicum
820 4082 852 4143 et
881 4079 1080 4144 somniorum
1108 4080 1296 4162 scriptorem
1324 4081 1369 4145 ila

5 4197 6 4206 ’
74 4182 291 4261 confundens,
313 4187 350 4247 ut
373 4187 405 4248 et
426 4182 554 4248 Doridis
581 4181 761 4247 sententiae
789 4183 822 4245 et
844 4181 974 4246 alterius
1002 4183 1182 4247 contrariae
1210 4183 1369 4247 rationem

76 4286 228 4360 haberet,
259 4285 340 4351 alter
364 4287 445 4350 duos
467 4285 600 4350 tradidit
622 4285 821 4349 somniorum
843 4284 1052 4367 interpretem
1075 4285 1117 4350 ab
1143 4285 1233 4366 epico
1257 4285 1369 4349 distin-

165 4437 1368 4509 bam-aamm-aam-uam-anm-qnm

5 4519 1369 4594 ‘pamm-amanam-mmam-mam-mmr

5 4689 6 4696 Ν
75 4608 1370 4681 m-mnm-mnnm-mnmm-man-mpmm
