3330 5214
633 484 844 548 ,69-

78 655 200 720 studio
230 672 316 719 nova
343 654 439 719 laude
467 656 583 719 florere
611 655 775 736 inciperet,
803 653 863 719 Dio
893 655 1023 721 Cassius
1035 655 1058 740 ¹)
1087 659 1200 721 auctor
1228 660 1286 720 est.
1336 657 1384 721 Ac

0 801 1 824 1
76 757 196 821 multo
228 757 334 820 minus
361 757 557 822 Antimacho
587 758 723 821 idoneus
753 757 813 822 11111
834 757 1016 841 panyassis,
1047 760 1079 823 in
1109 777 1206 840 quern
1235 759 1385 824 homines

1 923 2 928 ,
77 861 180 924 docti
209 861 318 924 studia
345 865 579 925 converterent.
628 859 774 925 Vidimus
802 861 887 924 enirn
910 861 1090 944 Panyassin
1116 880 1184 926 non
1205 867 1293 926 certo
1316 861 1384 926 elo-

1 1019 2 1036 ,
76 963 215 1044 quendi
245 981 362 1042 genere
390 963 600 1044 praestitisse,
631 963 689 1028 sed
711 963 896 1028 Antimachi
926 969 959 1029 et
979 964 1115 1029 Hesiodi
1139 964 1274 1028 virtutes
1302 965 1385 1029 inter

77 1086 116 1130 se
149 1065 335 1130 contrarias
362 1065 395 1129 in
422 1085 461 1130 00
489 1067 677 1130 coniunctas
704 1066 804 1130 fuisse
833 1071 865 1130 et
893 1066 1020 1131 mixtas.
1072 1067 1180 1145 Quare
1202 1069 1385 1133 necessario

77 1171 112 1232 id
134 1169 254 1234 evenit
267 1173 303 1232 ut
317 1168 434 1250 quibus
456 1171 580 1232 certum
602 1168 775 1250 eloquendi
791 1188 893 1249 genus
908 1169 1068 1250 placebat,
1091 1171 1113 1233 ii
1132 1173 1188 1235 aut
1204 1170 1385 1236 Hesiodum

1 1255 2 1320 7
75 1277 141 1336 aut
175 1271 410 1336 Antimachum
437 1271 506 1334 sibi·
523 1270 730 1335 tractandum
757 1276 933 1350 sumerent,
962 1273 1143 1355 Panyassin
1168 1272 1383 1354 neglegerent.

74 1374 291 1451 Accedebat,
314 1374 402 1455 quod
420 1373 598 1438 Heracleae
617 1374 746 1439 fuerunt
763 1375 852 1438 haud
866 1393 1000 1455 paucae.
1033 1375 1118 1439 Nam
1133 1377 1263 1456 praeter
1278 1374 1384 1456 Pany-

74 1478 182 1541 assin
204 1475 374 1555 Pisander,
388 1477 558 1554 Diotimus,
576 1477 784 1554 Phaedimus,
801 1476 939 1554 PisinuS,
957 1477 1116 1554 1111101100,
1139 1477 1194 1541 alii
1209 1477 1385 1541 Heracleas

75 1583 358 1660 composuerunt.
416 1578 456 1643 Et
489 1579 543 1660 qui
572 1579 755 1644 breviorem
786 1580 826 1643 de
855 1579 994 1644 Hercule
1026 1581 1247 1645 narrationem
1279 1579 1386 1661 legere

74 1683 272 1758 malebant,
294 1683 332 1745 iis
354 1682 427 1745 libri
450 1683 668 1763 suppetebant
697 1683 806 1746 idonei
840 1702 879 1746 ac
913 1686 999 1746 certe
1028 1702 1096 1747 non
1124 1683 1229 1764 pauci.
1280 1682 1384 1746 Flori-

74 1786 275 1867 legiavero
297 1785 510 1866 praebebant,
533 1785 621 1866 quod
644 1786 793 1851 carminis
822 1785 883 1849 fuit
912 1785 1072 1866 optimum
1101 1805 1140 1850 ac
1168 1785 1385 1850 notissimum.

180 1887 242 1950 His
271 1887 311 1950 de
341 1888 445 1950 causis
475 1887 681 1969 Panyassidis
711 1887 870 1951 Heraclea
899 1887 977 1968 quin
1010 1888 1113 1969 magis
1145 1888 1313 1970 magisque
1344 1889 1387 1952 ad

75 1990 267 2055 hominum
294 1989 465 2053 doctorum
491 1989 599 2053 studia
625 1994 752 2054 remota
772 1989 941 2071 paullatim
964 1990 1118 2054 oblivioni
1141 1992 1272 2056 daretur
1294 1991 1387 2055 aliter

75 2094 158 2159 fieri
191 2111 261 2156 non
291 2092 405 2174 potuit.
450 2092 498 2156 Ac
525 2092 650 2173 neglegi
679 2093 806 2157 videtur
834 2093 923 2172 prius
953 2096 1070 2174 coepta
1099 2113 1171 2157 esse
1198 2113 1297 2175 quam
1326 2114 1387 2175 pro

75 2199 215 2279 poetae
250 2195 485 2259 existimatione
519 2199 754 2276 exspectamus
810 2195 882 2273 Quo
917 2195 1004 2259 enim
1036 2196 1170 2276 propius
1198 2216 1219 2260 a
1244 2196 1388 2278 Dionysii

75 2298 336 2365 Halicarnassei
365 2301 473 2362 aetate
503 2299 546 2361 ad
575 2301 759 2380 temporum
788 2298 1013 2362 Romanorum
1044 2299 1165 2362 exitum
1194 2299 1388 2376 accedimus,

77 2424 122 2467 eo
160 2401 271 2481 magis
300 2399 507 2481 Panyassidis
534 2401 686 2465 notitiam
710 2401 857 2465 videmus
887 2400 997 2463 minui.
1045 2400 1217 2483 Dionysius
1246 2401 1389 2483 quidem,

77 2505 149 2570 etsi
187 2503 230 2566 de
259 2522 298 2567 οο
328 2503 480 2567 iudicium
507 2503 614 2568 verbis
641 2503 754 2568 alienis
783 2503 899 2581 reddit,
928 2506 1040 2568 tamen
1070 2505 1115 2568 ita
1144 2505 1207 2568 hoc
1235 2504 1389 2568 iudicium

75 2607 221 2691 profert
248 2609 285 2669 ut
314 2606 382 2670 eius
412 2607 512 2688 ipsius
542 2607 575 2670 id
604 2627 675 2671 esse
702 2607 858 2671 videatur.
903 2605 951 2669 Ac
977 2607 1096 2670 mirum
1121 2607 1269 2688 profecto
1292 2610 1389 2683 esset,

76 2712 108 2775 si
144 2709 352 2789 Panyassin,
384 2710 439 2790 qui
470 2714 502 2773 et
531 2709 601 2790 ipse
623 2710 889 2774 Halicarnasseus
919 2708 1028 2786 fuerit,
1062 2730 1129 2774 non
1161 2710 1300 2792 legisset.
1345 2707 1389 2772 At

77 2811 358 2893 Quintilianusne
387 2812 567 2894 Panyassin
598 2814 676 2876 satis
709 2812 873 2894 cognitum
904 2812 1068 2890 habuerit,
1101 2817 1137 2876 ut
1170 2814 1239 2894 ipse
1274 2813 1314 2876 de
1349 2831 1390 2876 eo

75 2915 251 2982 iudicium
281 2915 365 2978 ferre
391 2919 513 2995 posset,
545 2913 759 2978 dubitandum
787 2919 846 2979 est.
897 2915 989 2993 Quae
1016 2916 1102 2979 enim
1125 2916 1166 2979 de
1188 2915 1332 2979 Hesiodo
1356 2919 1390 2978 et

75 3017 293 3085 Antimacho
316 3019 449 3098 profert,
473 3022 631 3099 tanquam
653 3037 748 3082 suum
769 3019 922 3083 iudicium
944 3018 1076 3099 profert.
1119 3018 1168 3082 De
1190 3017 1390 3098 Panyasside

76 3129 207 3189 autern
236 3120 373 3184 aliorum
401 3121 554 3185 iudicium
582 3141 602 3184 a
629 3140 665 3184 se
693 3121 786 3184 reddi
808 3121 877 3202 ipse
900 3121 1057 3202 signifieat
1079 3126 1236 3202 tanquam
1257 3119 1304 3183 rei
1326 3119 1388 3182 im-

74 3226 231 3310 peritus
265 3222 343 3287 Post
363 3222 550 3300 Quintiliani
573 3243 650 3287 vero
673 3227 823 3305 tempora
845 3244 912 3288 non
934 3224 1027 3289 multi
1048 3223 1227 3306 Panyassin
1239 3221 1391 3304 legerint.

77 3331 293 3408 Quanquam
318 3326 404 3390 enim
426 3327 639 3407 reperiuntur,
663 3328 718 3408 qni
741 3328 808 3391 eius
832 3347 963 3391 carmen
986 3328 1250 3401 commemorent,
1278 3329 1390 3388 tamen

74 3427 241 3516 plurimi,
265 3447 348 3508 quae
371 3449 411 3492 ex
434 3429 618 3506 ecferunt,
646 3449 714 3492 non
737 3449 776 3492 ex
799 3449 838 3494 eo
861 3431 932 3511 ipso
954 3429 1104 3492 videntur
1132 3429 1289 3492 hausisse.
1340 3427 1390 3491 Ne

75 3535 286 3600 Athenaeus
319 3531 451 3611 quidem
478 3529 684 3612 excipiendus
711 3536 775 3609 est,
810 3532 864 3613 qui
897 3533 957 3596 etsi
988 3533 1092 3605 sexies
1119 3530 1298 3612 Panyassin
1326 3549 1388 3594 no·

76 3638 199 3704 minat
220 3651 258 3697 ac
275 3633 441 3715 complura
456 3654 496 3698 ex
513 3654 552 3698 eo
569 3634 752 3716 fragmenta
767 3635 873 3713 affert,
888 3638 1000 3699 tamen
1019 3655 1094 3700 eum
1114 3633 1276 3714 ssorilegiis
1292 3653 1389 3696 usmn

76 3741 232 3824 propter
260 3736 332 3800 libri
363 3736 431 3800 eius
460 3740 613 3801 naturam
644 3741 759 3818 putare
793 3738 950 3802 debemus
984 3739 1104 3818 pariter
1137 3757 1176 3800 ac
1208 3735 1390 3800 iohannem

78 3843 288 3918 Stohaeum,
311 3839 366 3920 qui
387 3839 566 3904 maximum
586 3840 795 3922 Panyassidis
816 3840 1035 3921 fragmentum
1053 3839 1148 3905 nobis
1166 3839 1308 3915 tradidit,
1332 3838 1389 3902 sed

77 3962 209 4010 unum.
243 3941 292 4005 Ac
314 3941 460 4006 similiter
482 3942 523 4006 de
546 3942 714 4023 Stephano
736 3943 810 4024 Byr.
834 3963 885 4007 res
907 3962 941 4006 se
961 3943 1071 4006 habet.
1105 3942 1260 4022 Reliquos
1279 3945 1391 4005 autem

80 4065 213 4113 omnes
240 4064 430 4125 percensere
457 4064 524 4108 non
553 4064 636 4126 opus
659 4048 717 4109 est.
767 4045 817 4109 De
839 4045 877 4108 iis
900 4045 977 4126 quid
999 4044 1209 4108 iudicandum
1231 4043 1288 4120 sit,
1311 4043 1390 4106 satis

3 4169 4 4172 ’
79 4147 279 4234 apparebit,
301 4147 357 4211 ubi
376 4147 530 4228 exemplis
547 4148 743 4228 quibusdam
761 4148 850 4244 haud
867 4148 1026 4229 ambiguis
1049 4146 1390 4221 demonstraverimus,

3 4243 4 4290 3
80 4269 198 4335 quam
221 4249 376 4313 obscurus
398 4250 571 4332 Panyassis
594 4251 669 4315 inde
691 4250 734 4314 ab
757 4251 860 4314 altero
882 4269 914 4332 p.
939 4250 1013 4314 Chr.
1037 4250 1166 4314 saeculo
1188 4249 1294 4314 fuerit.

184 4351 331 4416 Primum
350 4355 469 4416 testem
490 4352 685 4418 Pausaniam
708 4354 872 4418 afferimus
897 4352 987 4416 illum
1007 4352 1139 4416 alterius
1164 4351 1283 4416 saeculi
1311 4351 1389 4415 scri·
1480 4429 1483 4436 Ι

80 4461 237 4541 ptorem,
258 4454 312 4535 qui
328 4474 402 4518 cum
418 4456 491 4536 plus
509 4456 609 4521 semel
627 4456 807 4538 Panyassin
826 4460 1067 4532 commemoret,
1086 4459 1197 4518 tamen
1213 4454 1285 4518 loco
1308 4473 1389 4535 quo-

3 4649 4 4658 ,
189 4592 210 4659 ¹)
238 4591 506 4652 6010000011,
539 4592 672 4663 Ἀδριανὸς
694 4588 871 4662 τὸνὍμηρον
894 4590 1032 4644 καταλύων
1052 4587 1209 4662 Ἀντίμαχον
1233 4587 1282 4644 ἀντ’
1312 4590 1390 4644 αὐτοῦ

4 4725 5 4728 ,
82 4683 206 4748 einiger,
225 4673 254 4730 οὗ
275 4677 342 4747 μηδὲ
360 4678 389 4732 τὸ
407 4676 489 4747 ὄνομα
507 4680 598 4732 πολλοὶ
615 4679 738 4750 πρότερον
756 4679 903 4748 ἠπίσταντο.
