3330 5214
766 419 978 482 -38-

314 594 363 657 11.
399 613 425 656 S.
448 613 478 657 v.
506 591 684 655 Simonidis
711 590 849 655 Iuletae:
879 590 984 673 γέγονε
1012 589 1039 654 δ’
1066 591 1114 654 ἐπὶ
1138 590 1189 672 τῆς
1210 593 1254 661 νς’
1279 590 1467 671 ὀλυμπιάδος.
1496 593 1528 656 υἱ

225 695 251 762 δ’
274 699 320 760 ἐπι
341 697 391 780 τῆς
414 697 457 783 ξβ’
479 697 668 782 γεγράφασιν·
692 697 744 758 καὶ
765 694 917 778 παρέτεινε
939 693 1027 779 μέχρι
1048 696 1100 774 τῆς
1122 697 1181 777 οη’,
1205 693 1284 779 βιρδς
1307 691 1358 776 ἔτη
1380 694 1442 757 σθ’.

310 798 387 862 Loci
416 798 531 876 verba,
565 816 649 878 quae
681 800 832 877 tempora
866 800 898 861 et
929 795 1040 859 natale
1074 800 1106 859 et
1139 794 1255 859 mortis
1291 799 1323 859 et
1357 815 1527 860 annorum

224 920 397 966 numerum
426 901 472 965 ita
498 899 654 978 reddunt,
683 903 721 964 ut
749 898 838 962 nulla
865 898 970 979 possit
998 897 1159 961 dubitatio
1189 917 1276 974 esse,
1309 898 1388 961 nihil
1416 898 1528 982 inepti

224 1003 358 1080 habent,
380 1003 437 1067 ubi
457 1003 600 1085 primum
617 1003 720 1066 verba
743 1003 866 1065 inserta
884 1004 911 1066 ot
929 1003 963 1066 δὲ
982 1001 1030 1065 ἐπὶ
1046 1005 1098 1083 τῆς
1117 1003 1158 1086 ξβ’
1177 1003 1357 1088 γεγράφασιν
1375 1001 1525 1067 sicceris

226 1105 318 1184 Quae
341 1125 415 1170 cum
436 1105 483 1171 ita
505 1105 664 1170 collocata
685 1105 760 1182 sint,
782 1107 819 1168 ut
840 1104 884 1168 ad
906 1123 1029 1168 annum
1056 1103 1201 1168 natalem
1225 1105 1338 1168 referri
1364 1105 1525 1183 debeant,

225 1209 361 1274 dubium
382 1228 450 1273 non
472 1212 522 1273 est
544 1208 623 1289 quin
645 1208 756 1288 inepte
777 1207 900 1270 inserta
921 1206 995 1270 sint.
1033 1205 1107 1284 Quo
1130 1207 1218 1270 enim
1237 1211 1386 1289 tempore
1408 1208 1524 1273 Simo-

224 1310 317 1376 nides
342 1315 441 1375 natus
468 1311 520 1388 sit,
547 1310 717 1392 cumipse
744 1310 817 1374 loco
844 1309 989 1391 modam
1018 1309 1198 1374 carminum
1228 1329 1361 1374 suorum
1390 1311 1524 1390 dixerit,

224 1414 414 1494 ambiguum
437 1433 508 1478 esse
530 1432 598 1477 non
619 1413 735 1494 potuit.
748 1411 772 1495 Ι)

311 1515 475 1594 Quoniam
497 1515 593 1598 igitur
614 1515 648 1578 in
669 1519 778 1580 aetate
800 1514 1012 1596 significanda
1034 1514 1196 1578 maximae
1218 1535 1286 1579 non
1307 1517 1408 1581 modo
1426 1517 1524 1599 igno-

224 1619 359 1698 rantiae,
388 1619 447 1684 sed
476 1619 574 1684 etiam
604 1619 785 1684 securitatis
811 1618 864 1682 ille
894 1617 964 1694 tuit,
994 1617 1049 1698 qui
1077 1617 1198 1682 Suidae
1228 1618 1270 1682 de
1297 1621 1405 1683 aetate
1427 1620 1525 1685 locos

224 1721 428 1804 conscripsit,
467 1721 650 1804 quicunque
687 1722 772 1786 inter
809 1739 866 1785 eos
905 1719 1073 1801 complura
1113 1719 1300 1784 testimonia
1339 1722 1523 1802 continent,

224 1825 423 1890 dissolvendi
448 1828 524 1890 sunt
549 1844 610 1889 nec
636 1824 719 1889 fides
747 1824 870 1901 verbiS,
900 1822 1018 1904 quibus
1046 1823 1129 1887 haec
1155 1823 1343 1888 testimonia
1370 1825 1453 1890 inter
1480 1847 1524 1891 se

223 1929 395 1994 coniuncta
424 1931 514 2006 sunt,
541 1928 608 1992 ulla
636 1927 790 1991 habenda
819 1929 883 2003 est,
911 1925 974 1988 nisi
1002 1925 1086 1989 forie
1115 1925 1186 1990 aliis
1215 1926 1409 1992 testimoniis
1437 1949 1523 1993 con-

222 2031 402 2097 firmantur.
430 2032 542 2113 ltaque
572 2031 727 2114 quoniam
750 2029 871 2094 Suidae
900 2029 988 2104 loc0,
1019 2029 1075 2110 qui
1100 2029 1143 2093 de
1168 2029 1377 2110 Panyassidis
1408 2036 1523 2098 aetate

224 2139 283 2213 est,
306 2135 407 2199 verba
429 2137 479 2199 καὶ
501 2137 556 2220 γάρ
578 2135 697 2200 nullius
719 2132 877 2197 momenti
899 2151 937 2196 ac
959 2131 1056 2212 plane
1078 2132 1279 2213 neglegenda
1301 2139 1386 2212 sunt,
1409 2135 1523 2201 locum

224 2259 241 2302 e
265 2239 404 2302 duorum
427 2241 597 2302 auctomm
618 2237 811 2302 testimoniis
834 2235 1051 2318 compositum
1073 2235 1174 2299 etita
1203 2233 1416 2301 dividendum
1445 2259 1522 2304 esse

223 2345 378 2424 apparet,
408 2346 444 2406 ut
473 2340 565 2405 alteri
592 2341 710 2404 dentur
736 2340 836 2404 verba
862 2341 878 2404 ὁ
908 2341 942 2404 δὲ
971 2339 1118 2408 Πανύασις
1147 2337 1251 2420 γέγονε
1281 2343 1358 2405 κατὰ
1386 2345 1438 2427 rip
1467 2349 1520 2428 ιη’

224 2446 403 2529 ὀλυμπιάδα·
433 2445 509 2508 κατὰ
538 2444 571 2508 δέ
596 2467 673 2515 τινας
700 2448 804 2529 πολλῷ
834 2430 1047 2532 πρεσβύτερος,
1078 2440 1169 2504 alteri
1199 2442 1300 2506 verba
1321 2439 1356 2528 ἦν
1385 2446 1432 2509 ἐπὶ
1457 2449 1520 2512 τῶν

224 2550 387 2632 Περσικῶν.
440 2546 564 2625 Quibus
594 2546 627 2611 in
655 2546 850 2610 testimoniis
881 2545 1054 2627 quominus
1083 2545 1185 2609 verba
1213 2546 1316 2627 γέγονε
1347 2552 1379 2612 et
1408 2544 1442 2634 ἦν
1473 2551 1522 2614 ad

224 2651 370 2716 diversos
392 2650 509 2715 aetatis
531 2651 650 2732 gradus
673 2650 863 2726 referamne,
885 2648 950 2712 iam
972 2647 1052 2712 nihil
1076 2652 1125 2712 est
1148 2648 1237 2730 quod
1259 2649 1378 2714 obstet.

309 2754 381 2819 Duo
405 2754 512 2818 adhuc
533 2753 721 2818 testimonia
743 2751 963 2833 cognovimus,
987 2770 1005 2814 e
1026 2751 1144 2832 quibus
1163 2751 1263 2815 fuisse
1282 2758 1440 2834 appareat
1460 2756 1519 2838 qui

223 2855 430 2938 Panyassidis
451 2861 582 2937 tempus
603 2856 713 2920 natale
735 2856 769 2919 in
791 2855 833 2919 ol.
854 2856 895 2919 78
917 2857 1086 2935 ponerent.
1123 2853 1272 2918 Alterum
1291 2857 1521 2923 continebatur

224 2959 345 3024 Suidae
367 2958 474 3024 verbis
496 2960 600 3041 γέγονε
623 2961 699 3023 κατὰ
721 2963 773 3042 τὴν
797 2963 845 3042 ιη’
869 2961 1045 3042 ὀλυμπιάδα.
1084 2957 1234 3021 Altemm
1255 2957 1297 3022 de
1318 2958 1521 3041 Panyasside

224 3061 409 3126 Antimachi
432 3061 564 3126 domino
594 3065 650 3125 aut
677 3062 833 3142 magistro
858 3066 937 3125 erat.
981 3060 1041 3124 His
1063 3059 1257 3124 testimoniis
1278 3081 1365 3126 nunc
1386 3063 1521 3128 tertium

225 3165 386 3242 addimus
409 3164 499 3246 quod
521 3164 609 3245 apud
626 3163 762 3228 Suidam
783 3184 808 3226 s.
825 3183 854 3226 v.
876 3162 1015 3248 Χοίριλος
1033 3163 1142 3248 Σάμιος
1160 3163 1331 3227 invenitur.
1365 3165 1521 3231 Traditur

224 3267 274 3330 his
294 3267 418 3331 verbis:
441 3268 579 3349 γενέσθαι
601 3269 635 3332 δὲ
658 3269 732 3331 κατὰ
755 3268 904 3332 Πανύασιν
926 3273 988 3338 τοῖς
1009 3269 1137 3352 χρόνοις,
1160 3268 1206 3330 ἐπὶ
1230 3269 1263 3331 δὲ
1285 3269 1342 3331 τῶν
1365 3269 1520 3354 Περσικῶν

227 3371 383 3453 ὀλυμπιάδι
406 3375 449 3435 σε’
472 3357 623 3435 iaculator
645 3360 705 3455 ἤδη
728 3370 811 3435 εἶναι.

310 3473 504 3553 Priusquam
526 3492 565 3537 ex
583 3473 633 3536 his
652 3473 759 3538 verbis
779 3474 820 3539 de
838 3472 1045 3555 Panyassidis
1064 3476 1172 3536 aetate
1192 3472 1314 3554 aliquid
1334 3475 1519 3555 statuimus

224 3576 401 3640 videndum
435 3576 530 3640 nobis
565 3581 629 3654 est,
667 3577 711 3641 ad
749 3596 848 3657 quem
882 3575 1106 3641 Choerilorum
1140 3576 1317 3657 quadrent,
1352 3598 1370 3643 e
1400 3579 1519 3661 quibus

225 3679 408 3759 complures
438 3679 527 3759 apud
550 3678 686 3743 Suidarn
710 3698 784 3743 cum
807 3678 917 3743 Samio
941 3679 1067 3743 confusi
1089 3683 1174 3743 sunt.
1220 3679 1319 3744 Cuius
1346 3683 1387 3747 de
1409 3687 1519 3748 aetate

158 3855 162 3863 ,
225 3801 436 3864 quaecunque
458 3786 606 3846 veterum
627 3782 820 3847 testimoniis
843 3782 1042 3862 accepimus
1075 3781 1108 3845 in
1136 3781 1198 3846 loci
1226 3786 1354 3863 partem
1376 3786 1516 3866 posteri·

225 3905 316 3948 orem
353 3904 420 3949 non
457 3886 630 3950 convenire
663 3885 729 3949 iarn
762 3885 889 3966 pridem
920 3884 1063 3948 Naekius
1098 3885 1344 3950 demonstravit.
1355 3883 1381 3970 ²)
1425 3887 1518 3952 Ado·

225 3988 419 4052 lescentulus
458 3990 546 4053 enim
582 3989 609 4053 si
648 3988 816 4053 Choerilus
854 3987 983 4052 Samius
1019 3986 1060 4050 ol.
1095 3988 1135 4051 75
1173 3988 1304 4066 fuisset,
1344 3989 1415 4053 fieri
1451 4010 1520 4055 non

225 4091 331 4172 potuit
352 4095 389 4156 ut
410 4092 570 4157 Herodoti
592 4111 686 4156 amor
709 4091 879 4168 diceretur,
901 4094 938 4153 ut
961 4089 1052 4154 Sarni
1074 4090 1159 4154 cirea
1181 4091 1222 4154 ol.
1243 4091 1294 4154 93.
1317 4092 1339 4155 4
1360 4092 1520 4173 Lysandri

226 4213 355 4276 semper
374 4195 616 4260 contubernalis
636 4198 732 4271 esset,
754 4197 790 4256 ut
810 4193 920 4273 paullo
938 4196 1014 4274 post
1029 4192 1071 4256 ab
1087 4192 1249 4257 Archelao
1268 4212 1344 4275 rege
1361 4194 1520 4262 invitatus

225 4297 258 4360 in
280 4298 507 4364 Macedoniam
529 4318 564 4362 se
587 4297 758 4361 conferret.
793 4295 891 4360 Cuius
914 4294 1150 4375 discrepantiae
1173 4315 1280 4373 eausa,
1304 4316 1388 4378 quae
1411 4298 1523 4365 adhuc

314 4537 334 4606 ¹)
362 4539 394 4592 el.
414 4538 517 4602 Rohde,
537 4537 587 4589 nh.
606 4535 640 4588 M.
658 4536 700 4601 33,
718 4552 744 4603 p.
766 4535 822 4588 187.

312 4623 334 4691 ²)
362 4623 476 4678 Choerili
495 4638 565 4690 quae
583 4626 727 4689 supersunt
744 4638 769 4689 p.
792 4623 831 4687 19,
850 4638 876 4690 p.
895 4622 936 4688 17,
955 4639 980 4691 p.
999 4623 1110 4676 46-50.
